1747 2620
778 103 822 139 T.
857 103 972 139 LIVI

176 216 194 245 8
214 224 344 261 neque
372 211 446 249 illis
470 210 668 249 sociorum
689 210 854 249 comitas
875 212 1084 261 vultusque
1105 210 1265 261 benigni
1290 219 1328 249 et
1355 212 1541 261 adloquia

215 290 297 315 non
335 277 456 315 modo
495 288 718 314 sermonem
752 275 904 322 elicere,
940 277 1010 315 sed
1044 289 1094 314 ne
1132 283 1174 314 ut
1209 277 1344 314 oculos
1379 276 1541 326 quidem

215 343 437 379 attollerent
457 348 524 378 aut
545 342 795 379 consolantes
816 340 964 379 amicos
979 348 1115 379 contra
1127 340 1370 380 intuerentur
1391 342 1543 380 efficere

178 423 196 454 9
216 413 421 457 poterant:
450 407 551 444 adeo
579 419 694 456 super
722 419 938 444 maerorem
966 407 1094 455 pudor
1114 405 1275 455 quidam
1301 408 1432 457 fugere
1453 420 1544 445 con-

162 490 198 510 10
216 471 349 522 loquia
365 480 402 510 et
424 479 559 510 coetus
576 471 782 510 hominum
805 472 983 521 cogebat.
1024 478 1181 520 postero
1195 471 1259 510 die
1278 485 1369 509 cum
1383 471 1542 510 iuvenes

217 538 381 584 nobiles,
414 536 518 575 missi
551 550 573 574 a
603 538 750 586 Capua,
785 545 825 574 ut
861 537 1154 586 proficiscentes
1189 538 1239 575 ad
1275 537 1393 575 finem
1430 538 1543 575 Cam-

159 616 193 638 11
216 616 364 653 panum
404 609 742 653 prosequerentur,
784 601 1031 640 revertissent
1070 601 1278 651 vocatique
1317 601 1356 639 in
1395 601 1543 640 curiam

216 668 565 718 percunctantibus
604 667 818 706 maioribus
849 674 943 705 natu
979 668 1104 705 multo
1136 666 1210 705 sibi
1244 667 1471 706 maestiores
1506 675 1544 705 et

216 733 438 772 abiectioris
481 732 602 771 animi
642 732 745 771 visos
787 733 997 771 referrent:
1040 733 1142 770 adeo
1181 732 1299 771 silens
1337 745 1383 771 ac
1420 745 1544 782 prope

159 809 195 831 12
218 806 372 837 mutum
399 812 540 849 agmen
564 797 795 845 incessisse,
825 797 950 836 iacere
970 796 1146 836 indolem
1173 797 1279 835 illam
1305 799 1545 845 Romanam,

218 864 450 913 ablatosque
476 876 567 901 cum
602 862 719 900 armis
749 862 913 908 animos,
946 875 1026 900 non
1056 863 1220 900 reddere
1252 863 1428 910 salutem,
1463 875 1544 901 non

219 928 480 968 salutantibus
511 929 604 967 dare
631 941 875 978 responsum,
898 940 979 966 non
1006 927 1157 966 hiscere
1187 941 1428 977 quemquam
1453 941 1545 978 prae

218 1001 326 1032 metu
346 993 532 1043 potuisse,
554 1001 756 1043 tamquam
778 992 992 1031 ferentibus
1012 993 1143 1030 adhuc
1159 992 1376 1031 cervicibus
1397 992 1544 1042 iugum,

164 1070 198 1100 ¹3
219 1059 293 1097 sub
327 1060 435 1108 quod
475 1058 582 1096 missi
622 1065 776 1105 essent,
824 1058 969 1096 habere
1004 1057 1199 1096 Samnites
1230 1057 1434 1096 victoriam
1465 1071 1545 1096 non

219 1125 457 1174 praeclaram
487 1125 616 1162 solum
646 1124 716 1162 sed
747 1122 864 1161 etiam
894 1130 1138 1173 perpetuam,
1168 1122 1318 1172 cepisse
1343 1122 1448 1161 enim
1479 1136 1546 1161 eos

219 1202 300 1227 non
328 1190 512 1235 Romam,
535 1188 636 1227 sicut
659 1196 750 1227 ante
773 1190 919 1235 Gallos,
942 1189 1023 1236 sed,
1047 1189 1155 1237 quod
1177 1189 1301 1226 multo
1322 1188 1547 1227 bellicosius

176 1259 199 1298 7
219 1251 343 1298 fuerit,
362 1252 586 1289 Romanam
603 1251 785 1289 virtutem
807 1250 1074 1300 ferociamque
1089 1264 1245 1288 z—cum
1262 1251 1359 1289 haec
1375 1250 1548 1289 diceren-

218 1324 281 1354 tur
309 1316 616 1366 audirenturque
645 1323 683 1355 et
713 1317 960 1366 deploratum
992 1329 1117 1366 paene
1146 1317 1375 1354 Romanum
1400 1329 1546 1354 nomen

219 1381 259 1419 in
280 1380 449 1419 concilio
470 1380 668 1420 sociorum
688 1381 864 1419 fidelium
886 1388 999 1427 esset,
1016 1380 1157 1419 dicitur
1173 1380 1328 1419 Ofillius
1351 1381 1544 1428 Calavius,

182 1463 197 1483 2
221 1446 310 1485 Ovii
327 1446 441 1494 filius,
455 1448 580 1485 clarus
595 1459 738 1497 genere
753 1445 956 1495 factisque,
972 1454 1055 1484 tum
1070 1445 1187 1484 etiam
1201 1453 1328 1485 aetate
1342 1447 1545 1494 verendus,

183 1529 200 1559 ς,
221 1514 337 1562 longe
357 1511 467 1550 aliter
487 1525 528 1550 se
553 1512 698 1550 habere
728 1525 810 1550 rem
837 1511 1004 1550 dixisse:
1035 1511 1233 1550 silentium
1261 1512 1357 1550 illud
1378 1511 1548 1550 obstina-

219 1585 304 1616 tum
334 1579 511 1627 fixosque
540 1578 581 1615 in
610 1585 751 1616 terram
782 1578 918 1615 oculos
948 1585 986 1615 et
1013 1578 1149 1615 surdas
1176 1577 1227 1615 ad
1252 1577 1384 1615 onmia
1405 1577 1549 1616 solacia

219 1656 331 1681 aures
362 1650 399 1681 et
426 1643 619 1693 pudorem
643 1642 857 1681 intuendae
883 1642 980 1681 lucis
1006 1642 1205 1692 ingentem
1230 1643 1375 1681 molem
1406 1642 1549 1681 irarum

181 1720 200 1749 4
221 1723 266 1747 ex
286 1710 366 1747 alto
385 1708 507 1747 animi
528 1708 666 1747 cientis
687 1707 832 1746 indicia
853 1721 950 1747 esse.
1006 1715 1073 1746 aut
1097 1708 1279 1746 Romana
1304 1720 1345 1746 se
1373 1709 1550 1757 ignorare

220 1774 386 1824 ingenia,
401 1781 469 1813 aut
490 1773 689 1812 silentium
710 1774 807 1812 illud
821 1773 1062 1812 Samnitibus
1076 1773 1225 1812 flebiles
1238 1774 1345 1812 brevi
1358 1775 1549 1813 clamores

219 1840 467 1891 gemitusque
480 1839 754 1887 excitaturum,
766 1838 1051 1888 Caudinaeque
1064 1838 1171 1888 pacis
1184 1838 1386 1888 aliquanto
1400 1839 1550 1877 Samni-

184 1925 200 1956 5
220 1906 325 1945 tibus
346 1919 465 1956 quam
483 1904 676 1943 Romanis
693 1898 902 1944 tristiorem
919 1904 1150 1943 memoriam
1167 1905 1248 1943 fore
1264 1919 1274 1952 3
1298 1904 1444 1955 quippe
1457 1917 1549 1942 suos

221 1984 421 2021 quemque
441 1984 578 2010 eorum
598 1969 751 2008 animos
781 1970 1018 2016 habiturum,
1041 1969 1285 2019 ubicumque
1306 1969 1549 2020 congressuri

222 2037 298 2074 sint
313 2052 322 2084 3
351 2037 471 2074 saltus
493 2036 697 2076 Caudinos
717 2049 800 2074 non
820 2035 967 2085 ubique
989 2034 1232 2074 Samnitibus
1252 2036 1344 2074 fore.

184 2111 203 2142 6
278 2102 363 2139 Iam
399 2102 553 2139 Romae
592 2100 710 2138 etiam
750 2114 820 2138 sua
858 2099 1013 2138 infamis
1052 2100 1184 2137 clades
1216 2107 1307 2138 erat.
1367 2099 1550 2138 obsessos

223 2165 393 2216 primum
440 2165 674 2212 audierunt,
722 2164 866 2203 tristior
914 2164 1060 2203 deinde
1108 2164 1395 2214 ignominiosae
1442 2165 1549 2215 pacis

187 2231 345 2280 Jmagis
384 2244 503 2281 quarn
538 2229 700 2280 periculi
735 2229 895 2268 nuntius
927 2229 1010 2268 fuit.
1068 2230 1119 2268 ad
1153 2230 1299 2268 famam
1331 2229 1550 2269 obsidionis

222 2296 389 2335 dilectus
425 2295 559 2334 haberi
590 2302 754 2345 coeptus
790 2302 898 2342 erat3
927 2294 1112 2333 dimissus
1142 2294 1287 2333 deinde
1316 2295 1547 2333 auxiliorum

220 2369 442 2413 apparatus,
474 2368 685 2411 postquam
719 2360 965 2399 deditionem
1001 2368 1080 2399 tam
1118 2362 1233 2399 foede
1264 2362 1407 2399 factam
1441 2373 1548 2399 acce-
