1747 2620
809 95 853 131 T.
886 94 1003 132 LIVI

245 201 406 252 perpelli
440 201 668 251 nequibant,
703 201 870 239 consilio
909 202 1015 240 haud
1054 202 1291 241 abhorrente
1329 204 1379 241 ab
1411 202 1576 253 ingeniis

206 274 224 304 8
246 266 454 305 hominum
476 280 544 305 eos
564 266 855 317 aggrediuntur.
914 266 978 306 die
999 267 1099 306 festo
1119 267 1184 305 alii
1203 267 1300 306 alios
1322 281 1390 318 per
1403 268 1574 318 speciem

245 332 570 371 celebrandarum
610 339 728 370 cantu
772 333 976 382 epularum
1016 332 1183 371 invitant
1232 340 1270 371 et
1312 333 1415 380 vino,
1466 333 1577 372 cuius

207 410 226 441 9
245 397 406 436 avidum
436 398 557 436 ferme
586 399 631 435 id
654 411 777 447 genus
807 405 876 444 est,
901 404 1085 436 oneratos
1116 397 1276 448 sopiunt
1306 406 1425 448 atque
1454 398 1508 437 ita
1536 398 1577 436 in

246 464 418 511 plaustra
452 476 594 502 somno
625 462 778 501 vinctos
817 462 1020 501 coniciunt
1058 476 1104 501 ac
1144 464 1315 502 Romam
1355 465 1575 514 deportant.

246 541 319 566 nec
353 527 460 577 prius
493 540 659 575 sensere,
702 541 822 578 quarn
854 527 1036 578 plaustris
1071 527 1111 565 in
1145 529 1230 566 foro
1265 528 1408 567 relictis
1440 529 1579 578 plenos

189 606 228 628 10
246 594 428 642 crapulae
459 606 526 632 eos
557 595 622 631 lux
652 593 856 643 oppressit.
917 601 1012 631 tunc
1033 606 1249 632 concursus
1274 594 1411 644 populi
1439 595 1576 641 factus,

246 657 546 708 impetratoque,
579 666 622 696 ut
652 666 867 705 manerent,
900 659 1050 705 datum,
1083 666 1125 697 ut
1159 658 1333 697 triduum
1367 659 1580 709 quotannis

246 723 372 761 ornati
411 736 501 762 cum
542 730 660 761 cantu
702 731 821 773 atque
860 724 949 771 hac,
987 737 1089 774 quae
1127 737 1234 762 nunc
1273 724 1474 763 sollemnis
1509 732 1578 772 est,

246 787 405 826 licentia
452 801 521 837 per
568 788 706 826 urbem
756 796 999 838 vagarentur,
1041 788 1346 839 restitutumque
1393 789 1433 827 in
1481 790 1580 828 aede

246 852 431 891 vescendi
463 853 522 891 ius
552 852 609 900 iis,
641 853 709 903 qui
737 853 854 892 sacris
884 853 1166 903 praecinerent.
1224 855 1322 893 haec
1356 854 1456 893 inter
1485 856 1581 893 duo-

246 931 331 956 rum
354 917 573 967 ingentium
595 918 790 957 bellorum
811 932 944 957 curam
965 919 1210 969 gerebantur.

180 991 230 1033 31
302 984 496 1022 Consules
536 983 636 1022 inter
673 997 716 1022 se
755 984 976 1034 provincias
1022 984 1177 1035 partitij
1221 984 1337 1024 Iunio
1372 984 1580 1033 Samnites,

211 1060 225 1080 2
247 1047 419 1086 Aemilio
449 1061 597 1086 novum
627 1049 776 1087 bellum
808 1048 962 1087 Etruria
993 1056 1096 1088 sorte
1125 1049 1297 1088 obvenit.
1357 1049 1396 1088 in
1418 1050 1581 1089 Samnio

248 1112 430 1151 Cluviani
465 1112 704 1162 praesidium
741 1115 982 1161 Romanum,
1020 1113 1112 1164 quia
1147 1114 1377 1165 nequiverat
1411 1115 1447 1153 vi
1480 1115 1579 1166 capi,

248 1177 457 1216 obsessum
479 1179 582 1217 fame
603 1178 642 1216 in
670 1178 915 1218 deditionem
941 1187 1175 1229 acceperant
1202 1179 1397 1218 Samnites
1419 1180 1582 1219 verberi-

249 1243 402 1293 busque
434 1244 595 1282 foedum
628 1243 668 1282 in
711 1245 876 1283 modum
915 1246 1106 1284 laceratos
1145 1245 1372 1284 occiderant
1411 1245 1579 1285 deditos.

211 1320 227 1349 3
249 1308 341 1346 huic
371 1308 547 1347 infensus
577 1309 801 1348 crudelitati
837 1309 987 1357 Iunius,
1018 1310 1115 1349 nihil
1146 1310 1346 1361 antiquius
1382 1324 1581 1361 oppugna-

248 1373 355 1412 tione
378 1373 560 1413 Cluviani
581 1381 697 1422 ratus,
721 1388 801 1425 quo
822 1374 886 1414 die
913 1388 1116 1426 aggressus
1147 1383 1205 1414 est
1226 1376 1393 1423 moenia,
1418 1376 1455 1415 vi
1478 1376 1582 1427 cepit

207 1446 366 1488 4atque
405 1452 544 1478 omnes
591 1440 759 1489 puberes
805 1439 1009 1478 interfecit.
1088 1440 1182 1479 inde
1224 1440 1347 1479 victor
1391 1441 1582 1480 exercitus

249 1503 470 1542 Bovianum
501 1505 655 1543 ductus.
713 1512 831 1555 caput
861 1506 937 1543 hoc
967 1513 1047 1544 erat
1078 1507 1311 1544 Pentrorum
1346 1506 1581 1545 Samnitium

210 1582 228 1614 5
249 1570 365 1619 longe
386 1568 625 1607 ditissimum
645 1576 763 1619 atque
785 1570 1129 1620 opulentissimum
1149 1571 1266 1609 armis
1287 1571 1467 1622 virisque.
1514 1572 1580 1620 ibi,

248 1634 340 1684 quia
361 1635 467 1673 haud
498 1642 651 1673 tantum
681 1634 824 1674 irarum
849 1643 941 1684 erat,
964 1649 1033 1687 spe
1059 1638 1229 1686 praedae
1256 1637 1400 1676 milites
1421 1638 1580 1677 accensi

247 1699 397 1750 oppido
428 1699 642 1750 potiuntur.
702 1700 832 1739 minus
868 1702 1000 1751 itaque
1034 1701 1224 1740 saevitum
1256 1702 1296 1740 in
1331 1704 1463 1742 hostes
1499 1711 1556 1742 est
1574 1719 1584 1751 3

247 1766 417 1816 praedae
438 1766 524 1815 plus
546 1778 672 1815 paene
688 1779 807 1815 quam
829 1780 875 1804 ex
891 1766 1000 1804 omni
1018 1767 1179 1805 Samnio
1195 1781 1385 1818 umquam
1403 1777 1578 1819 egestum

212 1831 499 1881 6benigneque
538 1830 666 1868 omnis
706 1830 819 1869 militi
850 1844 1049 1870 concessa.
1108 1840 1146 1870 et
1177 1840 1387 1882 postquam
1423 1847 1583 1884 praepo-

249 1904 398 1936 tentem
437 1895 554 1934 armis
595 1898 823 1934 Romanum
863 1909 936 1935 nec
975 1896 1078 1935 acies
1118 1897 1330 1936 subsistere
1368 1900 1471 1937 ullae
1510 1912 1583 1937 nec

198 1963 206 1972 ⁶
249 1970 374 2000 castra
403 1975 477 2000 nec
509 1961 625 2000 urbes
656 1969 849 2011 poterant,
881 1961 1060 2000 omnium
1090 1961 1313 2013 principum
1345 1963 1385 2001 in
1421 1963 1583 2002 Samnio

252 2041 299 2065 eo
321 2040 437 2065 curae
458 2034 548 2065 sunt
569 2026 758 2075 intentae,
779 2034 822 2065 ut
842 2026 994 2065 insidiis
1023 2035 1273 2077 quaereretur
1302 2029 1424 2076 locus,
1446 2028 1477 2067 si
1507 2042 1585 2078 qua

249 2091 407 2130 licentia
436 2091 654 2141 populandi
685 2093 829 2130 effusus
860 2092 1051 2131 exercitus
1082 2092 1209 2143 excipi
1238 2106 1283 2131 ac
1311 2093 1583 2132 circumveniri

213 2170 231 2206 7
250 2164 393 2207 posset.
454 2158 676 2207 transfugae
705 2164 876 2206 agrestes
907 2164 945 2195 et
975 2157 1131 2208 captivi,
1162 2157 1325 2207 quidam
1356 2159 1465 2206 forte,
1495 2172 1583 2209 pars

250 2221 416 2260 consilio
437 2221 570 2269 oblati,
594 2222 849 2272 congruentia
871 2223 920 2261 ad
942 2224 1147 2261 consulem
1168 2223 1401 2271 adferentes,
1424 2236 1525 2273 quae
1546 2230 1584 2262 et

249 2300 338 2325 vera
377 2294 497 2333 erant,
537 2286 688 2336 pecoris
727 2286 806 2324 vim
838 2286 1039 2336 ingentem
1067 2287 1107 2325 in
1143 2288 1285 2326 saltum
1312 2288 1443 2326 avium
1476 2301 1580 2326 com-

249 2354 402 2403 pulsam
424 2365 520 2399 esse,
544 2353 808 2402 perpulerunt,
833 2360 875 2390 ut
902 2354 1133 2402 praedatum
1161 2366 1209 2391 eo
1236 2353 1442 2404 expeditae
1468 2354 1584 2392 duce-
