1747 2620
826 105 871 142 T.
905 105 1022 143 LIVI

223 225 241 253 4
261 210 372 248 vobis
393 211 647 261 comparastis
664 226 673 259 3
704 214 812 260 haec,
830 221 989 264 propter
1009 227 1128 264 quam
1151 217 1231 254 duo
1253 217 1443 256 exercitus
1465 220 1592 258 Aven-

260 274 387 313 tinum
423 275 646 325 insedistis3
685 278 794 325 haec,
833 292 934 328 quae
964 280 1168 319 faenebres
1203 283 1318 331 leges,
1351 284 1459 331 haec,
1491 297 1592 333 quae

224 356 240 386 5
259 340 425 389 agrarias
446 354 601 391 semper
620 341 876 393 impugnavit.
932 345 1029 383 haec
1050 345 1222 384 conubia
1238 354 1393 396 patrum
1407 356 1445 387 et
1461 349 1588 399 plebis

260 405 484 456 interrupit,-
517 408 615 445 haec
636 407 743 457 plebi
763 409 814 447 ad
835 410 988 447 curules
1018 410 1265 459 magistratus
1287 411 1358 451 iter
1378 414 1590 464 obsaepsit.

260 472 336 508 hoc
364 478 422 509 est
451 485 598 510 nomen
626 474 750 510 multo
772 485 890 523 quam
912 474 1218 524 Tarquiniorum
1245 476 1421 516 infestius
1443 487 1592 518 vestrae

223 539 242 570 6
260 534 439 574 libertati.
499 536 603 575 itane
631 538 804 585 tandem,
830 540 904 588 Ap.
930 539 1103 578 Claudi?
1132 553 1222 578 cum
1251 542 1488 581 centesimus
1514 544 1590 582 iam

259 614 387 639 annus
414 601 463 640 sit
489 603 539 640 ab
569 604 692 640 Mam.
714 603 885 642 Aemilio
916 603 1118 652 dictatore,
1141 613 1198 644 tot
1226 620 1408 646 censores
1436 609 1590 657 fuerint,

260 665 493 704 nobilissimi
515 666 795 717 fortissimique
811 668 892 715 viri,
910 682 1029 707 nemo
1050 684 1185 708 eorum
1203 673 1416 711 duodecim
1439 674 1592 712 tabulas

204 747 209 750 >
259 731 380 781 legit?
409 745 528 770 nemo
558 731 597 770 id
628 732 686 770 ius
718 746 812 780 esse,
837 735 945 783 quod
976 742 1177 785 postremo
1205 739 1374 788 populus
1402 738 1590 787 iussisset,

225 796 375 844 7sciit?
415 797 538 835 immo
559 811 651 836 vero
682 811 820 837 omnes
850 799 1022 839 scierunt
1052 809 1089 840 et
1116 801 1208 841 ideo
1237 803 1430 843 Aemiliae
1459 804 1592 854 potius

259 862 334 912 legi
369 870 581 912 paruerunt
615 877 734 913 quam
769 863 822 902 illi
857 865 1053 915 antiquae,
1091 880 1169 917 qua
1200 868 1369 918 primum
1409 883 1592 909 censores

259 927 378 966 creati
399 935 518 977 erant,
543 928 635 978 quia
655 930 757 967 hanc
779 937 1019 980 postremam
1048 931 1209 971 iusserat
1236 935 1406 984 populus
1427 942 1465 973 et
1486 935 1589 985 quia,

260 993 328 1031 ubi
359 995 461 1032 duae
490 994 708 1032 contrariae
742 996 847 1045 leges
883 1003 983 1043 sunt,
1022 1010 1176 1048 semper
1210 998 1395 1049 antiquae
1427 1000 1592 1050 obrogat

223 1073 240 1102 S
260 1071 373 1096 nova.
432 1071 483 1096 an
512 1059 589 1097 hoc
619 1058 728 1105 dicis,
753 1060 870 1110 Appi,
894 1073 973 1099 non
1005 1062 1127 1101 teneri
1155 1063 1323 1102 Aemilia
1353 1065 1438 1114 lege
1467 1078 1592 1116 popu-

221 1142 241 1172 9
260 1124 372 1161 lum?
414 1136 464 1161 an
495 1125 685 1174 populum
718 1126 850 1172 teneri,
883 1133 922 1164 te
952 1140 1074 1165 unum
1106 1129 1280 1178 exlegem
1312 1131 1426 1168 esse?
1466 1130 1592 1169 tenuit

259 1189 429 1228 Aemilia
457 1191 517 1228 lex
536 1189 730 1229 violentos
758 1190 845 1230 illos
873 1205 1055 1231 censores
1077 1194 1121 1233 C.
1147 1194 1306 1233 Furium
1329 1203 1366 1234 et
1389 1197 1445 1234 M.
1469 1196 1593 1246 Gega-

259 1254 379 1301 nium,
403 1255 481 1305 qui,
512 1254 608 1305 quid
639 1255 711 1295 iste
741 1256 987 1306 magistratus
1018 1257 1055 1295 in
1087 1272 1126 1296 re
1156 1259 1315 1309 publica
1344 1260 1435 1298 mali
1465 1262 1592 1300 facere

259 1328 406 1370 posset,
422 1320 656 1368 indicarunt,
672 1334 763 1359 cum
780 1321 834 1360 ira
851 1322 984 1361 finitae
1000 1324 1204 1373 potestatis
1222 1326 1345 1364 Mam.
1362 1326 1589 1374 Aemilium,

259 1384 477 1435 principem
510 1385 648 1424 aetatis
684 1399 778 1425 suae
810 1387 902 1425 belli
937 1387 1137 1438 domique,
1169 1389 1359 1428 aerarium
1391 1392 1592 1440 fecerunt3

203 1470 240 1491 10
259 1449 385 1488 tenuit
424 1450 612 1501 deinceps
652 1465 792 1490 omnes
832 1465 1015 1491 censores
1059 1453 1158 1492 intra
1197 1462 1370 1493 centum·
1396 1469 1590 1495 annorum

259 1514 429 1564 spatium
445 1530 455 1563 ,-
484 1523 591 1554 tenet
619 1517 662 1555 C.
688 1516 898 1564 Plautium,
928 1519 1120 1569 collegam
1149 1526 1272 1567 tuum,
1296 1519 1437 1560 iisdem
1466 1521 1592 1572 auspi—

204 1596 237 1617 11
260 1579 340 1627 ciis,
372 1581 514 1619 eodem
545 1580 627 1619 iure
661 1589 848 1620 creatum.
907 1595 958 1620 an
994 1584 1101 1621 hunc
1135 1597 1228 1632 non,
1260 1592 1302 1623 ut
1337 1585 1404 1636 qui
1439 1586 1591 1636 optimo

258 1645 340 1684 iure
362 1658 501 1684 censor
521 1653 673 1684 creatus
698 1654 811 1694 esset,
833 1649 1003 1697 populus
1028 1648 1201 1687 creavit?
1230 1656 1271 1688 tu
1299 1664 1401 1689 unus
1426 1651 1591 1690 eximius

203 1723 237 1744 12
258 1723 309 1757 es,
339 1710 379 1748 in
407 1724 487 1760 quo
517 1712 594 1749 hoc
624 1711 879 1761 praecipuum
909 1725 955 1750 ac
985 1712 1178 1763 singulare
1206 1715 1361 1753 valeat?
1400 1728 1518 1765 quem
1549 1723 1591 1755 tu

258 1789 389 1826 regem
419 1775 699 1814 sacrificiorum
730 1778 867 1815 crees?
904 1779 1107 1827 amplexus
1137 1779 1244 1829 regni
1272 1793 1430 1828 nomen,
1454 1788 1496 1819 ut
1522 1782 1591 1831 qui

258 1840 410 1891 optimo
431 1841 513 1880 iure
534 1856 600 1880 rex
621 1843 775 1881 Rornae
795 1850 947 1881 creatus
968 1843 1027 1891 sit,
1051 1851 1225 1882 creatum
1247 1858 1287 1883 se
1308 1845 1423 1884 dicet.
1471 1859 1590 1896 quem

259 1905 436 1944 semestri
465 1906 670 1954 dictatura,
701 1920 820 1957 quem
851 1907 1073 1958 interregno
1103 1909 1279 1960 quinque
1313 1910 1465 1949 dierum
1501 1925 1591 1950 con-

200 1965 208 1973 ’
260 1978 411 2009 tentum
433 1972 516 2010 fore
537 1974 680 2022 putes}>
736 1985 855 2022 quem
877 1972 976 2011 clavi
1003 1974 1149 2024 figendi
1176 1982 1243 2013 aut
1268 1976 1453 2014 ludorum
1473 1990 1591 2015 causa

201 2048 238 2080 13
259 2035 492 2075 dictatorem
513 2037 701 2075 audacter
721 2039 860 2076 crees?
917 2051 1037 2088 quam
1064 2038 1127 2076 isti
1154 2039 1318 2079 stolidos
1338 2054 1384 2079 ac
1405 2043 1590 2081 socordes

259 2100 382 2139 videri
417 2100 574 2140 creditis
607 2115 685 2149 eos,
723 2101 790 2151 qui
826 2101 927 2140 intra
961 2102 1190 2142 vicesimum
1226 2104 1330 2144 diem
1366 2105 1590 2156 ingentibus

259 2166 375 2204 rebus
404 2165 522 2216 gestis
552 2166 746 2205 dictatura
775 2180 816 2206 se
846 2167 1131 2208 abdicaverunt
1160 2177 1227 2208 aut
1256 2170 1323 2220 qui
1350 2170 1444 2210 vitio
1471 2172 1590 2210 creati

204 2246 241 2276 ¹4
258 2230 440 2269 abierunt
453 2231 710 2281 magistratu?
739 2232 836 2282 quid
852 2245 925 2282 ego
941 2235 1103 2284 antiqua
1119 2237 1323 2285 repetam?
1350 2250 1474 2287 nuper
1491 2238 1590 2275 intra

258 2297 398 2335 decem
429 2309 555 2334 annos
586 2297 630 2335 C.
661 2296 844 2335 Maenius
874 2297 1054 2347 dictator,
1084 2299 1187 2349 quia,
1218 2314 1309 2338 curn
1339 2303 1589 2351 quaestiones

259 2360 440 2408 severius,
463 2374 583 2411 quam
604 2360 842 2411 quibusdam
864 2363 1094 2413 potentibus
1115 2371 1242 2404 tutum
1264 2373 1356 2413 erat,
1378 2374 1584 2411 exerceret,
