1747 2620
357 132 426 169 AB
458 131 607 168 VRBE
639 131 895 169 CONDITA
930 132 1030 168 LIR.
1066 132 1135 169 IX.
1170 144 1228 177 22,
1265 145 1311 180 23

170 239 334 279 diremit.
395 237 552 276 invenio
583 239 689 287 apud
724 239 917 287 quosdam
957 240 1160 277 adversam
1197 253 1282 278 eam
1323 252 1493 290 pugnam
1519 252 1534 281 5

171 303 362 343 Romanis
387 302 506 340 fuisse
533 309 651 352 atque
672 302 711 340 in
731 315 777 340 ea
798 302 988 342 cecidisse
1010 305 1059 352 Q.
1083 304 1246 343 Aulium
1268 304 1494 354 magistrum

169 368 357 420 equitum.
407 368 593 406 suffectus
614 367 653 405 in
674 369 803 406 locum
826 367 933 406 Aulii
955 369 998 408 C.
1024 369 1167 407 Fabius
1189 370 1371 420 magister
1391 369 1497 420 equi·
1516 376 1535 408 6

169 443 251 474 tum
273 447 364 473 cum
385 433 555 472 exercitu
576 446 680 472 novo
700 433 751 471 ab
774 435 904 471 Roma
923 433 1083 472 advenit
1104 441 1141 472 et
1167 448 1235 484 per
1262 434 1497 485 praemissos

167 499 327 538 nuntios
349 499 530 537 consulto
552 497 753 545 dictatore,
778 498 845 536 ubi
867 497 1095 537 subsisteret
1113 512 1241 548 quove
1263 507 1440 550 tempore
1460 507 1498 538 et

168 577 246 615 qua
258 577 304 603 ex
318 571 425 614 parte
441 564 597 601 hostem
613 563 902 613 aggrederetur,
915 562 1087 601 substitit
1105 566 1284 603 occultus
1300 565 1350 603 ad
1365 564 1498 602 omnia

167 628 260 668 satis
281 627 489 678 exploratis
510 627 694 666 consiliis
743 627 911 666 dictator
931 641 1022 666 cum
1044 642 1113 679 per
1132 629 1283 678 aliquot
1304 628 1387 667 dies
1408 636 1498 679 post
1518 644 1533 678 7

166 707 339 744 pugnam
362 693 621 732 continuisset
648 706 740 731 suos
768 693 869 731 intra
888 694 1033 731 vallum
1062 694 1213 732 obsessi
1234 694 1356 743 magis
1377 707 1496 744 quam

167 758 385 798 obsidentis
418 759 550 805 modo,
574 758 728 807 signum
759 765 920 808 repente
947 772 1103 809 pugnae
1124 759 1329 809 proposuit
1350 766 1397 806 et,
1422 760 1498 797 effi-
1518 772 1535 801 8

166 824 296 863 cacius
311 831 415 862 ratus
435 825 487 862 ad
506 825 785 862 accendendos
802 823 972 862 virorum
990 824 1147 863 fortium
1164 825 1328 872 animos,
1348 826 1496 863 nullam

165 889 258 928 alibi
286 902 404 939 quam
432 888 472 927 in
502 896 627 928 semet
647 888 734 938 ipso
755 888 940 939 cuiquam
962 889 1137 928 relictam
1163 903 1286 940 spem,
1308 891 1358 929 de
1380 889 1497 940 magi-

166 962 245 994 stro
266 954 442 1004 equitum
465 967 649 1003 novoque
671 953 841 992 exercitu
867 953 1031 993 militem
1057 954 1197 993 celavit
1222 962 1271 1003 et,
1293 962 1494 1004 tamquam
1515 968 1534 1000 9

166 1020 272 1057 nulla
301 1018 376 1057 nisi
406 1018 446 1056 in
477 1018 682 1069 eruptione
712 1031 800 1068 spes
830 1026 946 1066 esset,
970 1019 1110 1057 ‘locis'
1138 1019 1265 1069 inquit
1286 1018 1495 1069 ‘angustis‚

167 1084 322 1132 milites,
342 1083 589 1134 deprehensi,
612 1083 686 1122 nisi
715 1097 834 1133 quam
861 1083 1025 1122 victoria
1052 1083 1352 1134 patefecerimus
1380 1083 1494 1131 viam,

166 1150 313 1187 nullam
335 1148 537 1187 habemus.
597 1148 735 1186 stativa
755 1156 888 1187 nostra
908 1148 1156 1188 munimento
1177 1149 1268 1192 satis
1289 1156 1373 1187 tuta
1393 1155 1497 1197 sunt,
1520 1162 1557 1184 10

166 1214 236 1252 sed
261 1212 395 1263 inopia
422 1213 563 1251 eadem
590 1214 756 1261 infesta,
785 1226 877 1251 nam
905 1220 945 1251 et
972 1213 1074 1252 circa
1101 1213 1235 1252 omnia
1255 1214 1494 1259 defecerunt,

167 1278 274 1316 unde
304 1277 470 1315 subvehi
500 1284 745 1316 commeatus
779 1284 972 1328 poterant,
1003 1285 1051 1326 et,
1085 1278 1116 1316 si
1150 1277 1331 1317 homines
1366 1277 1498 1316 iuvare

164 1342 296 1390 velint,
328 1341 463 1392 iniqua
496 1343 585 1380 loca
619 1350 723 1383 sunt.
793 1342 926 1393 itaque
961 1355 1041 1381 non
1075 1343 1290 1381 frustrabor
1323 1356 1396 1393 ego
1427 1355 1497 1381 vos
1520 1357 1553 1379 11

165 1415 291 1446 castra
311 1406 375 1445 hic
396 1406 668 1457 relinquendo,
687 1407 726 1446 in
748 1421 849 1458 quae
870 1407 1015 1446 infecta
1031 1407 1202 1455 victoria,
1219 1407 1319 1446 sicut
1332 1407 1496 1458 pristino

167 1474 245 1522 die,
260 1486 329 1511 vos
350 1472 556 1522 recipiatis.
597 1473 714 1511 armis
735 1473 992 1521 munimenta,
1015 1486 1096 1512 non
1113 1473 1368 1512 munimentis
1388 1486 1497 1511 arma

163 1547 246 1578 tuta
267 1552 352 1577 esse
367 1538 526 1586 debent.
567 1546 692 1577 castra
713 1538 885 1577 habeant
904 1546 1173 1589 repetantque,
1189 1538 1333 1589 quibus
1354 1551 1496 1588 operae
1519 1551 1555 1574 12

164 1612 222 1643 est
252 1605 405 1642 trahere
429 1604 603 1651 bellum,
634 1616 707 1642 nos
728 1603 907 1642 omnium
936 1617 1064 1642 rerum
1089 1611 1310 1654 respectum
1332 1611 1498 1654 praeter-

165 1682 284 1720 quam
304 1667 490 1707 victoriae
518 1667 634 1707 nobis
664 1668 926 1707 abscidamus.
989 1669 1085 1707 fer'te
1115 1668 1224 1718 signa
1249 1668 1288 1706 in
1316 1670 1557 1718 hostem513

165 1733 233 1772 ubi
254 1740 360 1771 extra
380 1733 523 1771 vallum
545 1746 687 1783 agmen
708 1732 927 1780 excesserit,
950 1740 1076 1772 castra
1096 1732 1239 1783 quibus
1260 1733 1494 1783 imperatum

164 1806 222 1837 est
252 1798 477 1836 incendant.
536 1798 683 1836 damna
711 1805 849 1845 vestra,
881 1797 1036 1846 milites,
1068 1797 1247 1836 omnium
1283 1798 1395 1845 circa,
1429 1797 1495 1848 qui

163 1865 403 1911 defecerunt,
426 1864 661 1913 populorum
683 1864 830 1914 praeda
850 1863 1087 1902 sarcientur.'
1126 1871 1164 1902 et
1185 1862 1362 1902 oratione
1378 1862 1498 1902 dicta·
1523 1874 1560 1906 14

164 1929 268 1977 toris,
301 1942 402 1979 quae
432 1928 675 1967 necessitatis
705 1928 867 1967 ultimae
896 1928 1015 1968 index
1044 1936 1136 1976 erat,
1169 1928 1311 1967 milites
1340 1927 1496 1966 accensi

164 1995 313 2033 vadunt
342 1994 381 2032 in
412 1995 578 2042 hostem,
611 2001 649 2033 et
678 2002 878 2045 respectus
908 1995 992 2045 ipse
1016 1994 1239 2034 ardentium
1266 2002 1493 2041 castrorum,

164 2072 406 2110 quamquam
436 2059 622 2109 proximis
652 2061 917 2098 tantum—ita
945 2061 1050 2099 enim
1081 2059 1245 2099 iusserat
1274 2059 1496 2099 dictator—-

164 2124 263 2174 ignis
291 2131 349 2162 est
373 2123 566 2172 subditus,
589 2125 696 2163 haud
723 2138 885 2175 parvum
910 2124 983 2163 fuit
1007 2124 1303 2164 irritamentum.
1363 2124 1496 2175 itaque
1518 2137 1557 2169 15

164 2191 270 2229 velut
290 2191 478 2229 vecordes
495 2189 604 2228 inlati
625 2190 735 2240 signa
754 2190 882 2241 primo
903 2190 1053 2241 impetu
1072 2190 1246 2230 hostium
1268 2191 1438 2238 turbant,
1457 2199 1495 2230 et

163 2255 204 2293 in
224 2262 411 2305 tempore,
435 2262 645 2304 postquam
669 2256 846 2294 ardentia
872 2257 1009 2305 procul
1029 2255 1126 2295 vidit
1154 2263 1289 2303 castra,
1313 2255 1496 2305 magister

164 2319 440 2370 equitum—id
478 2327 716 2358 convenerat
755 2320 1140 2371 signum—hostium
1181 2329 1286 2371 terga
1332 2320 1492 2359 invadit.

164 2385 216 2423 ita
250 2384 506 2423 circumventi
541 2384 746 2433 Samnites,
780 2399 857 2435 qua
891 2393 1020 2435 potest
1050 2386 1227 2436 quisque,
1260 2387 1391 2435 fugam
1426 2400 1495 2436 per
