1747 2620
351 87 396 123 T.
432 86 547 124 LIVI
580 88 650 124 AB
683 88 833 125 VRBE
863 87 1123 127 CONDITA
1155 89 1258 128 LIB.
1293 90 1364 127 IX.
1395 92 1445 137 46

227 200 338 242 gesto
370 192 767 244 triumviratibusque,
809 202 1003 235 nocturno
1042 198 1175 244 altero,
1216 198 1338 236 altero
1377 197 1557 236 coloniae

191 267 207 296 4
228 258 498 297 deducendae.
559 265 744 307 ceterum,
770 259 810 298 id
831 261 940 310 quod
961 262 1067 300 haud
1081 260 1289 312 discrepat,
1307 263 1557 301 contumacia

226 323 412 361 adversus
442 330 743 364 contemnentes
772 325 1035 364 humilitatem
1064 339 1173 364 suam
1196 326 1349 365 nobiles
1372 327 1559 376 certavit;

189 403 206 434 5
227 388 340 428 civile
367 389 438 438 ius,
469 389 684 441 repositum
714 390 753 429 in
790 391 1055 441 penetralibus
1086 392 1331 442 pontificum,
1363 395 1557 444 evulgavit

226 455 426 505 fastosque
446 455 549 493 circa
571 456 697 494 forum
719 456 759 493 in
780 456 872 494 albo
893 458 1111 506 proposuit,
1132 464 1185 504 ut,
1209 459 1371 507 quando
1392 461 1476 510 lege
1492 459 1554 510 agi

187 533 206 564 6
225 526 368 568 posset,
392 520 553 557 sciretur
570 534 580 567 ;
609 521 750 558 aedem
769 520 1019 559 Concordiae
1040 520 1079 558 in
1100 534 1189 560 area
1210 522 1379 561 Vulcani
1400 536 1555 563 summa

223 583 369 622 invidia
403 583 596 623 nobilium
636 584 834 624 dedicavit
849 600 859 633 ,-
902 593 1142 636 coactusque
1182 600 1378 626 consensu
1417 590 1553 639 populi

223 650 431 687 Cornelius
464 650 656 687 Barbatus
686 651 862 699 pontifex
894 650 1088 689 maximus
1123 653 1242 690 verba
1274 652 1434 702 praeire,
1461 667 1552 692 cum

222 726 330 752 more
352 713 543 752 maiorum
565 721 723 763 negaret
744 713 817 752 nisi
839 716 1043 754 consulem
1058 723 1124 754 aut
1141 716 1418 767 imperatorem
1435 731 1552 768 posse

185 780 413 828 7templum
435 780 614 817 dedicare.
674 778 806 829 itaque
836 793 882 818 ex
912 780 1143 819 auctoritate
1173 789 1332 821 senatus
1357 784 1479 821 latum
1500 785 1551 823 ad

219 845 410 893 populum
433 850 500 890 est,
525 857 574 882 ne
595 844 682 894 quis
707 846 898 895 templum
929 858 1086 884 aramve
1114 845 1265 885 iniussu
1293 855 1452 886 senatus
1481 856 1549 887 aut

181 916 198 945 S
218 908 465 947 tribunorum
486 909 617 959 plebei
637 909 756 960 partis
778 909 935 948 maioris
960 910 1172 949 dedicaret.
1231 913 1339 950 haud
1360 926 1551 952 memora·
1595 959 1598 962 Α

217 973 337 1012 bilem
359 987 439 1012 rem
461 987 529 1024 per
550 987 602 1021 se,
624 974 698 1012 nisi
728 976 1014 1013 documentum
1043 975 1091 1014 sit
1115 977 1302 1015 adversus
1324 977 1548 1028 superbiam

178 1055 197 1087 9
217 1038 409 1077 nobilium
432 1039 609 1088 plebeiae
635 1039 834 1086 libertatis,
859 1041 1033 1078 referam.
1094 1042 1144 1080 ad
1175 1043 1368 1091 collegam
1389 1056 1548 1092 aegrum

215 1102 366 1142 visendi
398 1117 516 1142 causa
547 1103 702 1142 Flavius
733 1118 823 1142 cum
849 1104 1020 1143 venisset
1048 1119 1324 1156 consensuque
1354 1106 1547 1146 nobilium

214 1169 540 1216 adulescentium,
564 1169 630 1219 qui
653 1169 705 1208 ibi
727 1169 974 1218 adsidebant‚
993 1171 1264 1210 adsurrectum
1282 1171 1316 1210 ei
1331 1185 1412 1210 non
1432 1180 1546 1220 esset,

214 1235 389 1272 curulem
428 1234 567 1273 adferri
609 1236 744 1273 sellam
780 1249 828 1273 eo
863 1235 973 1274 iussit
1008 1249 1053 1274 ac
1088 1237 1137 1275 de
1170 1238 1263 1276 sede
1299 1237 1459 1276 honoris
1486 1238 1547 1276 sui

155 1317 194 1339 10
211 1298 347 1337 anxios
369 1299 517 1338 invidia
538 1299 720 1338 inimicos
741 1301 942 1350 spectavit.
1000 1307 1172 1340 ceterum
1198 1301 1374 1340 Flavium
1397 1301 1546 1342 dixerat

210 1363 379 1402 aedilem
401 1364 565 1402 forensis
587 1363 715 1411 factio,
739 1366 814 1415 Ap.
840 1365 995 1404 Claudii
1022 1379 1187 1404 censura
1207 1366 1306 1404 vires
1328 1373 1454 1413 nacta,
1477 1367 1545 1417 qui

210 1435 390 1467 senatum
422 1428 571 1478 primus
610 1428 882 1468 libertinorum
918 1429 1006 1467 filiis
1042 1430 1151 1469 lectis
1185 1430 1459 1481 inquinaverat
1492 1440 1541 1479 et,

152 1509 188 1532 11
209 1501 469 1543 posteaquam
490 1507 577 1532 eam
598 1494 809 1533 lectionem
832 1508 950 1533 nemo
971 1502 1093 1534 ratam
1116 1496 1253 1535 habuit
1274 1510 1347 1535 nec
1368 1496 1407 1535 in
1436 1497 1544 1536 curia

209 1561 376 1610 adeptus
398 1567 477 1598 erat
494 1573 590 1610 quas
607 1560 771 1610 petierat
788 1573 894 1610 opes,
913 1560 1073 1600 urbanis
1090 1561 1306 1600 humilibus
1320 1576 1388 1612 per
1404 1575 1543 1601 omnes

153 1641 189 1663 12
210 1624 333 1663 tribus
351 1625 485 1664 divisis
506 1626 634 1663 forum
656 1632 693 1664 et
715 1638 899 1676 campum
921 1625 1105 1676 corrupit.
1165 1633 1398 1677 tantumque
1421 1627 1559 1666 Flavii-

209 1690 369 1729 comitia
390 1690 633 1741 indignitatis
654 1691 889 1738 habuerunt,
913 1698 954 1729 ut
980 1691 1157 1741 plerique
1187 1691 1380 1730 nobilium
1401 1694 1541 1731 anulos

150 1769 190 1800 13
207 1769 346 1794 aureos
381 1763 419 1794 et
451 1756 630 1806 phaleras
662 1757 920 1806 deponerent.
980 1769 1026 1794 ex
1057 1769 1105 1795 eo
1145 1764 1322 1806 tempore
1361 1756 1400 1794 in
1440 1758 1539 1796 duas

206 1827 334 1871 partes
373 1820 553 1859 discessit
591 1820 751 1859 civitas:
794 1820 901 1859 aliud
940 1820 1089 1871 integer
1123 1822 1304 1872 populu5‚
1341 1823 1468 1860 fautor
1502 1830 1539 1861 et

150 1900 187 1933 14
206 1887 332 1924 cultor
372 1886 580 1933 bonorum,
627 1885 734 1924 aliud
780 1885 944 1924 forensis
993 1885 1111 1925 factio
1161 1887 1360 1934 tendebat,
1409 1888 1538 1927 donec

206 1951 254 1998 Q.
280 1949 424 1992 Fabius
445 1957 483 1989 et
506 1952 547 1988 P.
573 1949 721 1989 Decius
749 1963 931 1989 censores
956 1950 1062 1998 facti,
1082 1958 1121 1990 et
1143 1951 1289 1990 Fabius
1310 1951 1426 1990 simul
1448 1966 1539 1991 con-

202 2014 360 2053 cordiae
395 2028 522 2062 causa,
560 2014 675 2053 simul
710 2029 761 2054 ne
792 2015 1103 2054 humillimorum
1138 2016 1179 2055 in
1217 2030 1337 2055 manu
1377 2018 1537 2057 comitia

204 2086 345 2127 essent,
369 2093 529 2118 omnem
550 2081 747 2119 forensem
768 2081 923 2118 turbam
945 2087 1139 2119 excretam
1155 2080 1195 2119 in
1212 2088 1397 2131 quattuor
1412 2082 1535 2121 tribus

145 2159 184 2192 15
204 2144 374 2182 coniecit
421 2144 671 2194 urbanasque
719 2157 784 2183 eas
822 2145 1044 2195 appellavit.
1103 2147 1287 2195 adeoque
1325 2160 1411 2185 eam
1453 2161 1534 2187 rem

202 2216 406 2259 acceptam
435 2209 552 2259 gratis
579 2209 720 2248 animis
748 2211 886 2258 ferunt,
910 2218 952 2249 ut
979 2210 1144 2250 Maximi
1166 2224 1400 2262 cognomen,
1424 2214 1532 2262 quod

200 2281 258 2312 tot
287 2273 457 2313 victoriis
487 2288 566 2312 non
597 2282 811 2324 pepererat,
844 2276 918 2314 hac
945 2275 1129 2314 ordinum
1158 2276 1442 2326 temperatione
1469 2290 1533 2327 pa-

199 2347 307 2378 reret.
367 2339 417 2377 ab
462 2340 603 2378 eodem
653 2339 873 2378 institutum
923 2340 1074 2388 dicitur,
1117 2348 1158 2380 ut
1201 2341 1351 2391 equites
1400 2342 1530 2382 idibus

199 2404 466 2452 Quinctilibus
488 2405 838 2443 transveherentur.
