1747 2620
782 111 828 147 T.
861 110 978 147 LIVI

216 220 437 266 exerceatis,
461 226 502 257 ut
524 225 708 269 appareat
728 217 956 257 innocentia
975 223 1107 255 nostra
1128 229 1211 263 nos,
1235 229 1314 254 non
1344 215 1545 254 maiestate

155 300 196 321 20
217 284 377 323 honoris
398 291 503 322 tutos
523 297 547 321 a
567 282 906 322 criminationibus
936 281 1018 321 istis
1048 282 1157 320 esse.'
1214 281 1372 319 abdicat
1392 279 1484 318 inde
1505 292 1546 317 se

216 349 407 388 dictatura
428 357 466 388 et
487 356 576 400 post
597 363 687 388 eum
711 348 916 387 confestim
939 347 1073 386 Folius
1098 345 1320 396 magisterio
1345 346 1547 395 equitum3

215 413 410 465 primique
437 415 544 465 apud
573 412 858 453 consules—iis
888 413 994 451 enirn
1023 411 1074 450 ab
1104 417 1241 449 senatu
1272 411 1458 448 mandata
1486 422 1546 447 res

217 479 385 519 est—rei
415 479 506 518 facti
535 480 721 518 adversus
751 477 945 517 nobilium
975 475 1201 515 testimonia
1234 474 1385 525 egregie
1422 474 1548 512 absol—

160 553 196 576 21
216 552 370 583 vuntur.
431 544 623 583 Publilius
645 544 762 582 etiarn
785 542 899 581 Philo
920 540 1188 592 multiplicatis
1210 539 1373 578 summis
1394 537 1549 577 honori-

218 610 291 649 bus
326 617 415 660 post
449 623 509 648 res
549 616 607 647 tot
641 608 750 647 domi
785 608 970 657 belloque
1005 613 1143 657 gestaS‚
1187 612 1361 643 ceterum
1401 602 1548 641 invisus

158 687 197 709 22
218 675 425 722 nobilitati,
457 688 615 714 causam
646 673 742 713 dixit
771 673 1055 722 absolutusque
1085 678 1155 710 est.
1213 683 1287 708 nec
1316 668 1475 716 diutius,
1507 675 1549 706 ut

218 742 271 789 fit,
313 755 432 791 quam
471 741 568 779 dum
607 752 742 778 recens
782 746 873 786 erat,
914 737 1093 789 quaestio
1131 750 1200 786 per
1248 736 1350 774 clara
1387 732 1551 772 nomina

216 819 371 845 reorum
403 805 524 856 viguit
542 820 552 853 3
592 805 685 844 inde
719 804 798 843 labi
830 803 961 853 coepit
994 803 1045 842 ad
1077 802 1211 841 viliora
1242 800 1384 851 capita,
1419 801 1549 838 donec

218 871 456 911 coitionibus
490 870 818 919 factionibusque,
851 870 1037 908 adversus
1064 880 1162 918 quas
1192 872 1417 917 comparata
1456 871 1547 910 erat,

219 950 405 987 oppressa
425 943 494 975 est.

150 1007 199 1046 27
274 1003 421 1040 Earum
442 1002 545 1039 fama
561 1014 700 1048 rerum,
720 999 841 1049 magis
859 1006 991 1038 tamen
1012 1011 1100 1048 spes
1122 998 1350 1047 Campanae
1366 994 1551 1034 defectio-

220 1067 291 1114 nis,
314 1066 354 1105 in
377 1080 496 1117 quarn
524 1065 772 1105 coniuratum
798 1072 892 1113 erat,
916 1062 1111 1103 Samnites
1142 1062 1181 1101 in
1210 1060 1397 1112 Apuliam
1419 1073 1551 1099 versos

184 1149 198 1169 2
219 1146 349 1171 rursus
370 1133 421 1171 ad
449 1131 648 1171 Caudium
679 1129 887 1177 revocavit,
910 1136 952 1167 ut
979 1129 1072 1167 inde
1096 1142 1142 1167 ex
1169 1126 1406 1178 propinquo,
1427 1125 1458 1164 si
1485 1124 1553 1175 qui

221 1205 350 1237 motus
384 1197 634 1236 occasionem
673 1195 849 1247 aperiret,
895 1196 1074 1245 Capuam
1115 1191 1307 1231 Romanis
1346 1191 1552 1241 eriperent.

184 1282 201 1312 3
221 1278 268 1303 eo
290 1264 472 1302 consules
493 1276 585 1301 cum
609 1262 740 1301 valido
768 1260 939 1300 exercitu
967 1266 1169 1299 venerunt.
1229 1265 1266 1296 et
1296 1257 1423 1308 primo
1453 1256 1555 1295 circa

221 1331 352 1376 saltus,
383 1342 473 1368 curn
502 1328 699 1378 utrimque
725 1329 776 1366 ad
803 1328 959 1365 hostem
990 1325 1125 1375 iniqua
1152 1323 1214 1362 via
1242 1330 1355 1369 esset,
1382 1320 1555 1361 cunctati

180 1410 200 1442 4
223 1402 314 1434 sunt
329 1409 338 1443 3
368 1393 514 1433 deinde
528 1393 724 1433 Samnites
745 1406 813 1443 per
833 1399 967 1443 aperta
986 1392 1074 1430 loca
1093 1389 1201 1429 brevi
1222 1387 1386 1427 circuitu
1407 1387 1448 1425 in
1468 1388 1556 1426 loca

222 1462 350 1511 plana,
374 1461 602 1510 Campanos
623 1471 796 1508 campos,
819 1449 961 1508 agmen
982 1455 1207 1502 demittunt,
1230 1453 1364 1504 ibique
1385 1452 1555 1503 primum

187 1546 205 1577 5
223 1533 349 1564 castra
370 1525 409 1563 in
431 1531 688 1575 conspectum
710 1522 890 1561 hostibus
911 1524 1012 1569 data,
1036 1520 1182 1560 deinde
1206 1519 1358 1558 levibus
1385 1517 1557 1568 proeliis,

224 1591 401 1641 equitum
458 1590 622 1641 saepius>
673 1602 791 1639 quam
847 1587 1036 1638 peditum,
1093 1585 1290 1636 utrimque
1338 1583 1557 1635 periculum

225 1658 372 1695 facturn
391 1670 400 1704 5
430 1669 503 1694 nec
524 1662 590 1694 aut
612 1661 774 1693 eventus
803 1665 939 1692 eorum
971 1654 1200 1690 Romanurn
1227 1657 1294 1688 aut
1316 1662 1460 1693 morae,
1480 1660 1560 1697 qua'

187 1730 206 1761 6
225 1722 433 1760 trahebant
463 1722 622 1768 bellum,
655 1719 892 1770 paenitebat.
952 1716 1188 1756 Samnitium
1217 1722 1354 1754 contra
1388 1713 1558 1753 ducibus

226 1795 264 1827 et
293 1786 399 1837 carpi
429 1785 556 1837 parvis
586 1784 732 1824 cotidie
762 1783 917 1823 damnis
945 1790 983 1822 et
1013 1794 1217 1821 senescere
1247 1779 1435 1819 dilatione
1466 1777 1559 1816 belli

191 1866 205 1898 7
226 1852 325 1891 vires
346 1865 439 1890 suae
460 1851 704 1890 videbantur.
756 1850 889 1899 itaque
909 1848 949 1886 in
969 1846 1095 1886 aciem
1117 1846 1337 1897 procedunt
1359 1843 1558 1894 equitibus

227 1918 265 1955 in
296 1931 444 1956 cornua
477 1915 622 1963 divisis,
659 1914 803 1965 quibus
838 1920 1091 1964 praeceptum
1121 1918 1213 1959 erat,
1247 1909 1477 1949 intentiores
1508 1909 1558 1947 ad

227 1989 448 2032 respectum
473 1988 701 2028 castrorum,
728 1993 778 2018 ne
805 1992 883 2029 qua
907 1992 954 2017 eo
984 1977 1040 2016 vis
1071 1978 1189 2023 fieret,
1222 1989 1341 2026 quam
1371 1976 1421 2013 ad
1452 1987 1558 2024 proe-

187 2052 205 2081 8
227 2047 320 2085 lium
344 2054 489 2085 starent
507 2062 513 2085 z
543 2046 668 2085 aciem
691 2044 823 2096 pedite
844 2050 968 2082 tutam
990 2043 1082 2081 fore.
1135 2042 1342 2080 consulum
1364 2038 1560 2090 Sulpicius

227 2112 266 2150 in
288 2113 436 2158 dextro,
461 2110 659 2150 Poetelius
680 2109 719 2147 in
741 2111 853 2148 laevo
874 2121 996 2147 cornu
1018 2106 1250 2146 consistunt.
1303 2106 1439 2144 dextra
1459 2117 1558 2154 pars,

228 2190 306 2227 qua
326 2185 364 2216 et
385 2176 581 2216 Samnites
602 2175 695 2214 raris
716 2173 921 2214 ordinibus
942 2180 1009 2212 aut
1029 2173 1080 2211 ad
1101 2171 1406 2211 circumeundos
1426 2170 1560 2208 hostes

227 2251 293 2282 aut
310 2257 360 2282 ne
381 2242 454 2293 ipsi
475 2241 772 2281 circumirentur
793 2238 1059 2286 constiterant,
1083 2237 1198 2276 latius
1215 2236 1410 2287 patefacta
1431 2234 1537 2273 stetit
1553 2249 1562 2282 ;

189 2327 208 2359 9
229 2308 403 2356 sinistris,
426 2315 699 2358 praeterquam
721 2306 830 2356 quod
851 2302 1105 2343 confertiores
1134 2308 1331 2350 steterant,
1355 2299 1560 2351 repentino

229 2373 395 2413 consilio
435 2371 599 2412 Poetelii
639 2369 811 2410 consulis
850 2369 1009 2408 additae
1049 2370 1158 2416 vires,
1200 2366 1267 2418 qui
1308 2364 1559 2405 subsidiarias
