1747 2620
378 120 449 156 AB
479 118 628 154 VRBE
660 114 918 154 CONDITA
950 113 1054 150 LIB.
1085 112 1156 149 IX.
1189 123 1316 160 30-32

180 235 310 266 rentur
358 226 539 275 legiones.
624 223 677 261 ibi
725 223 862 272 ingens
911 221 1081 259 hostium
1131 219 1320 258 exercitus
1368 218 1505 256 itinera
1524 229 1541 257 8

180 293 357 331 occultus
395 291 591 328 insederat
625 296 674 336 et,
711 294 921 338 postquam
962 286 1124 324 intrasse
1166 287 1369 322 Romanos
1408 282 1504 321 vidit

179 359 332 403 saltum,
355 362 516 406 repente
543 361 699 393 exortus
728 365 819 391 cum
850 353 1020 389 clamore
1049 364 1095 388 ac
1126 351 1296 388 tumultu
1327 348 1504 386 incautos

180 421 339 460 invadit.
399 427 437 459 et
465 419 592 470 primo
622 431 724 456 nova
753 430 812 455 res
833 414 1136 465 trepidationem
1158 414 1258 460 fecit,
1282 415 1378 452 dum
1399 425 1506 450 arma
1523 425 1542 456 9

180 486 352 537 capiunt,
375 484 544 524 sarcinas
566 489 783 533 congerunt
810 481 850 519 in
876 479 1076 527 medium3
1107 478 1198 517 dein
1219 486 1440 528 postquam,
1465 485 1507 515 ut

181 552 348 602 quisque
374 550 604 588 liberaverat
634 562 675 586 se
705 561 823 586 onere
852 552 1130 596 aptaveratque
1159 544 1287 590 armis,
1318 545 1369 581 ad
1400 544 1508 593 signa

181 617 357 666 undique
396 616 556 654 coibant
594 622 632 652 et
671 612 773 651 notis
812 610 1017 650 ordinibus
1056 609 1095 647 in
1134 617 1263 655 vetere
1302 608 1508 658 disciplina

182 682 342 721 militiae
381 681 458 719 iam
493 680 577 718 sine
611 686 822 730 praecepto
856 676 971 715 ullius
1005 689 1074 714 sua
1108 682 1249 725 sponte
1288 674 1509 713 struebatur

180 747 295 795 acies,
317 747 455 785 consul
475 747 526 784 ad
546 744 759 794 ancipitem
787 742 955 781 maxime
976 754 1148 792 pugnam
1170 741 1358 778 advectus
1379 739 1509 778 desilit
1529 758 1567 779 10

182 827 229 852 ex
249 825 352 862 equo
383 818 420 850 et
452 812 589 849 Iovem
620 810 872 858 Martemque
900 813 1019 856 atque
1048 805 1146 844 alios
1167 812 1331 844 testatur
1351 805 1447 843 deos
1469 817 1509 843 se

182 879 331 916 nullam
361 889 471 915 suam
501 874 665 925 gloriam
696 873 799 920 inde,
822 873 891 911 sed
912 872 1099 922 praedam
1122 870 1234 908 militi
1255 877 1509 919 quaerentem
1531 885 1564 907 11

182 943 222 981 in
247 955 338 981 eum
368 943 500 980 locum
529 938 735 979 devenisse
764 951 894 988 neque
924 936 963 974 in
993 950 1034 975 se
1063 935 1170 974 aliud
1200 949 1320 986 quam
1348 934 1508 973 nimiam

182 1006 335 1046 ditandi
356 1020 402 1045 ex
431 1007 545 1043 hoste
575 1003 708 1042 militis
738 1016 871 1042 curam
902 1000 1137 1052 reprehendi
1157 1013 1275 1051 posse
1290 1015 1301 1048 3
1328 1000 1379 1038 ab
1400 1013 1449 1038 eo
1470 1013 1511 1038 se

182 1073 378 1111 dedecore
408 1072 557 1109 nullam
588 1083 669 1108 rem
700 1068 816 1107 aliam
847 1081 966 1118 quam
987 1066 1171 1105 virtutem
1200 1065 1369 1104 militum
1390 1064 1513 1104 vindi-

182 1145 368 1176 caturam.
428 1135 696 1173 coniterentur
725 1134 847 1171 modo
877 1145 957 1171 uno
991 1131 1125 1169 animo
1159 1144 1298 1169 omnes
1329 1130 1513 1169 invadere
1534 1140 1568 1162 12

182 1204 350 1249 hostem,
391 1201 538 1240 victum
577 1200 672 1247 acie,
713 1198 847 1237 castris
893 1204 1064 1244 exutum,
1105 1197 1298 1235 nudatum
1337 1195 1512 1243 urbibus,

183 1267 361 1306 ultimam
392 1280 501 1317 spem
535 1267 637 1304 furto
671 1264 901 1307 insidiarum
932 1269 1191 1312 temptantem
1228 1269 1265 1300 et
1296 1262 1396 1308 loco,
1433 1274 1514 1299 non

183 1332 299 1372 armis
329 1333 482 1371 fretum.
542 1331 613 1369 sed
642 1343 760 1381 quem
791 1342 876 1368 esse
906 1328 983 1367 iam
1013 1327 1144 1366 virtuti
1174 1329 1382 1366 Romanae
1411 1326 1515 1365 inex·
1535 1342 1572 1372 13

182 1397 438 1449 pugnabilem
478 1398 637 1435 locum!
714 1395 942 1445 Fregellana
984 1407 1050 1432 arx
1089 1394 1317 1442 Soranaque
1356 1400 1394 1430 et
1433 1391 1515 1430 ubi-

183 1476 355 1513 cumque
389 1462 526 1513 iniquo
561 1473 787 1500 successum
820 1466 900 1498 erat
939 1460 1028 1498 loco
1067 1457 1399 1496 memorabantur.
1454 1456 1514 1494 his
1535 1470 1572 1501 14

183 1541 374 1567 accensus
423 1526 545 1574 miles,
595 1525 775 1564 omnium
820 1524 1029 1563 immemor
1067 1522 1372 1571 difficultatium,
1410 1522 1516 1561 vadit

183 1595 371 1632 adversus
400 1591 674 1630 imminentem
704 1589 878 1629 hostium
906 1589 1045 1628 aciem.
1102 1587 1157 1626 ibi
1181 1589 1343 1638 paulum
1373 1587 1517 1626 laboris

184 1659 268 1706 fuit,
304 1659 401 1697 dum
432 1656 473 1694 in
510 1657 718 1695 adversum
753 1654 898 1693 clivum
937 1653 1095 1704 erigitur
1131 1666 1273 1703 agmen
1293 1667 1302 1700 3
1341 1659 1514 1691 ceterum
1536 1663 1574 1694 15

185 1730 396 1774 postquam
417 1721 542 1773 prima
558 1721 668 1772 signa
680 1719 883 1771 planitiem
899 1732 1095 1758 summam
1111 1725 1299 1769 ceperunt
1316 1717 1517 1767 sensitque

186 1788 290 1828 acies
310 1801 439 1838 aequo
459 1801 501 1826 se
522 1787 600 1825 iam
621 1786 807 1825 institisse
828 1787 928 1833 loco,
952 1797 1085 1823 versus
1107 1785 1305 1834 extemplo
1321 1790 1380 1822 est
1395 1790 1517 1822 terror

186 1854 226 1892 in
256 1853 505 1893 insidiatores
535 1853 776 1902 easdemque
810 1851 989 1898 latebras,
1025 1850 1169 1900 quibus
1200 1863 1241 1888 se
1274 1851 1394 1900 paulo
1424 1856 1515 1887 ante

187 1926 373 1966 texerant,
405 1917 524 1969 palati
553 1925 672 1968 atque
701 1917 870 1955 inermes
900 1917 990 1966 fuga
1019 1914 1260 1965 repetebant.
1319 1915 1388 1953 sed
1415 1915 1512 1960 loca,
1535 1921 1576 1953 16

188 1983 362 2024 difficilia
390 1983 495 2022 hosti
524 1982 712 2033 quaesita,
735 1981 842 2031 ipsos
871 1987 955 2019 tum
986 1993 1056 2018 sua
1076 1980 1212 2018 fraude
1233 1978 1513 2029 impediebant.

188 2050 321 2100 itaque
353 2062 444 2099 ergo
485 2046 690 2099 perpaucis
734 2045 920 2096 effugium
951 2044 1101 2096 patuit3
1141 2057 1255 2083 caesa
1292 2045 1343 2083 ad
1381 2043 1518 2094 viginti

190 2115 298 2154 milia
331 2113 538 2153 hominum
569 2112 772 2162 victorque
803 2113 1010 2150 Romanus
1039 2112 1091 2150 ad
1121 2111 1295 2149 oblatam
1325 2110 1376 2148 ab
1404 2111 1517 2148 hoste

189 2180 376 2231 praedam
396 2191 584 2229 pecorum
605 2176 797 2216 discurrit.

244 2247 353 2283 Dum
394 2245 492 2283 haec
536 2250 722 2293 geruntur
758 2241 798 2280 in
837 2241 1009 2289 Samnio,
1046 2241 1123 2280 iam
1162 2253 1301 2279 omnes
1341 2240 1518 2280 Etruriae
1535 2251 1592 2293 32

189 2310 326 2362 populi
355 2317 506 2360 praeter
535 2308 738 2347 Arretinos
771 2309 823 2347 ad
856 2320 963 2346 arma
996 2306 1131 2354 ierant,
1164 2307 1214 2345 ab
1249 2308 1518 2357 oppugnando

190 2376 330 2423 Sutrio,
367 2388 469 2425 quae
499 2374 592 2413 urbs
623 2373 730 2412 socia
763 2372 954 2413 Romanis
994 2373 1099 2411 velut
1134 2373 1302 2410 claustra
1341 2371 1518 2410 Etruriae
