1747 2620
373 148 442 184 AB
473 147 623 184 VRBE
654 146 912 185 CONDITA
943 147 1047 185 LIB.
1081 147 1150 183 IX.
1187 158 1246 195 25,
1281 149 1328 183 26

188 267 351 304 usquam
391 254 562 293 coissent
600 254 918 293 coniurassentve
957 255 1142 293 adversus
1182 268 1262 293 rem
1303 253 1514 304 publicam,

187 318 319 368 quaeri
349 325 528 357 senatum
559 319 716 358 iussisse
733 334 743 368 ,·
785 327 823 358 et
853 319 1044 358 coitiones
1074 321 1270 358 honorum
1300 318 1555 370 adipiscen-9

186 385 326 422 dorum
348 398 465 423 causa
485 386 606 423 factas
627 386 813 424 adversus
834 398 915 423 rem
937 384 1137 435 publicam
1169 398 1264 423 esse.
1324 384 1516 435 latiorque

186 456 224 486 et
257 462 297 487 re
328 456 366 488 et
400 449 575 499 personis
610 449 788 500 quaestio
823 449 916 497 fieri,
953 451 1060 488 haud
1093 450 1294 488 abnuente
1325 449 1517 488 dictatore

187 513 270 552 sine
291 515 368 553 fine
396 516 474 553 ulla
495 515 735 564 quaestionis
756 528 849 554 suae
869 514 928 553 ius
949 528 1045 553 esse.
1105 514 1405 564 postulabantur
1425 527 1517 564 ergo
1540 528 1579 550 10

186 578 340 617 nobiles
394 579 574 618 homines
627 579 996 630 appellantibusque
1043 578 1222 618 tribunos
1271 592 1389 618 nemo
1438 585 1518 617 erat

186 643 340 691 auxilio,
378 644 472 694 quin
507 644 669 684 nomina
700 645 974 696 reciperentur.
1034 644 1126 683 inde
1160 643 1356 691 nobilitas,
1390 657 1463 682 nec
1493 643 1518 680 ii
1540 655 1573 676 11

188 709 320 755 modo,
357 708 396 746 in
428 722 527 759 quos
567 710 715 748 crimen
754 710 1043 757 intendebatur,
1085 710 1155 748 sed
1193 708 1363 748 universi
1402 707 1518 746 simul

188 787 328 824 negare
358 773 551 812 nobilium
583 774 623 813 id
652 774 800 813 crimen
836 788 932 822 esse,
965 775 1109 825 quibus
1139 773 1170 812 si
1205 774 1311 812 nulla
1341 773 1518 812 obstetur

188 839 333 886 fraude,
374 846 504 889 pateat
538 840 599 877 via
632 841 683 879 ad
722 841 925 887 honorem,
961 841 1030 878 sed
1065 840 1272 878 hominum
1311 851 1515 877 novorum.

188 903 293 954 ipsos
327 904 428 943 adeo
458 904 691 944 dictatorem
726 904 1033 956 magistrumque
1065 904 1243 956 equiturn
1278 917 1364 943 reos
1396 903 1518 954 magis
1542 914 1576 936 ¹2

188 982 306 1019 quam
323 969 563 1020 quaesitores
585 970 751 1010 idoneos
767 970 850 1009 eius
871 969 1043 1009 criminis
1064 983 1150 1009 esse
1170 969 1518 1019 intellecturosque

188 1035 240 1072 ita
279 1035 319 1073 id
358 1048 454 1082 esse,
497 1035 612 1073 simul
661 1035 887 1086 magistratu
924 1035 1112 1074 abissent.
1192 1042 1276 1073 tum
1316 1034 1518 1073 enimvero
1540 1047 1578 1078 13

189 1099 384 1146 Maenius,
408 1101 485 1138 iam
506 1100 776 1150 famae'magis
798 1114 917 1150 quam
938 1099 1090 1151 imperii
1111 1113 1272 1146 memor,
1292 1111 1518 1150 progressus

188 1165 227 1202 in
258 1165 485 1204 contionem
517 1166 570 1204 ita
598 1167 716 1205 verba
745 1166 860 1205 fecit:
901 1169 960 1204 ‘et
990 1179 1128 1204 omnes
1158 1172 1249 1204 ante
1278 1172 1388 1203 actae
1417 1163 1519 1203 vitae
1542 1177 1576 1210 14

188 1244 256 1269 vos
277 1231 458 1270 conscios
486 1232 626 1279 habeo,
660 1231 843 1280 Quirites,
873 1239 912 1270 et
938 1230 1003 1270 hic
1027 1231 1110 1282 ipse
1135 1232 1263 1269 honos
1291 1231 1444 1269 delatus
1468 1228 1519 1268 ad

189 1309 251 1334 me
276 1296 384 1335 testis
412 1304 469 1335 est
499 1296 750 1336 innocentiae
780 1310 915 1345 meaeg
955 1309 1084 1347 neque
1114 1295 1230 1343 enim,
1264 1296 1372 1346 quod
1403 1308 1519 1345 saepe

187 1361 291 1408 alias,
322 1361 414 1411 quia
438 1361 490 1400 ita
517 1369 695 1412 tempora
724 1361 978 1412 postulabant
1007 1360 1061 1399 rei
1090 1360 1284 1411 publicae,
1317 1359 1384 1410 qui
1414 1360 1519 1398 bello

187 1425 423 1465 clarissimus
444 1434 555 1474 esset,
580 1428 650 1465 sed
671 1426 738 1476 qui
769 1426 938 1465 maxime
965 1427 1102 1476 procul
1122 1425 1173 1464 ab
1194 1425 1253 1464 his
1279 1423 1518 1464 coitionibus

186 1490 306 1529 vitam
336 1491 490 1541 egisset,
518 1490 684 1530 dictator
711 1491 943 1542 deligendus
968 1490 1195 1530 exercendis
1220 1488 1519 1540 quaestionibus

188 1555 269 1594 fuit.
327 1558 396 1596 sed
413 1556 600 1607 quoniam
622 1556 784 1607 quidam
805 1556 958 1595 nobiles
979 1555 1296 1606 homines—qua
1317 1556 1367 1594 de
1387 1568 1515 1602 causa,
1540 1572 1577 1603 15

187 1635 256 1660 vos
284 1621 502 1660 existimare
527 1635 647 1672 quam
679 1635 742 1661 me
771 1636 841 1672 pro
871 1621 1097 1672 magistratu
1127 1621 1340 1671 quicquam
1371 1620 1518 1659 incom—

187 1694 339 1736 pertum
357 1686 487 1726 dicere
508 1686 647 1726 melius
663 1687 947 1737 est—primum
968 1686 1071 1737 ipsas
1087 1699 1309 1737 expugnare
1326 1685 1518 1736 quaestio·
1539 1695 1578 1726 16

186 1765 256 1791 nes
288 1752 397 1790 omni
431 1765 507 1802 ope
540 1751 667 1791 adnisi
702 1760 802 1799 sunt,
839 1751 943 1800 dein,
977 1759 1189 1802 postquam
1219 1752 1271 1790 ad
1304 1750 1345 1790 id
1379 1763 1515 1800 parurn

186 1824 367 1867 potentes
388 1825 507 1865 erant,
529 1831 579 1857 ne
609 1831 767 1856 causam
794 1817 980 1864 dicerent,
1004 1817 1044 1855 in
1065 1815 1258 1867 praesidia
1281 1815 1518 1855 adversario-

186 1896 283 1930 rum,
305 1882 611 1933 appellationem
635 1890 674 1922 et
700 1882 954 1922 tribunicium
980 1881 1181 1929 auxilium,
1201 1881 1352 1932 patricii
1382 1882 1517 1919 confu-
1538 1895 1575 1929 17

185 1955 333 1997 gerunt,
367 1955 567 1998 postremo
594 1947 738 1998 repulsi
768 1947 1017 1986 inde—adeo
1047 1946 1182 1985 omnia
1210 1945 1365 1994 tutiora,
1395 1960 1514 1996 quam

186 2020 228 2049 ut
255 2012 523 2051 innocentiam
558 2026 669 2051 suam
701 2020 919 2062 purgarent,
946 2012 1124 2050 visa—in
1154 2024 1226 2049 nos
1256 2012 1448 2049 irruerunt
1478 2018 1515 2048 et

186 2076 343 2127 privatis
373 2077 605 2116 dictatorem
635 2090 797 2127 poscere
826 2091 936 2116 reum
965 2075 1226 2116 verecundiae
1256 2089 1337 2114 non
1360 2074 1445 2123 fuit,
1473 2082 1515 2113 ut
1537 2083 1573 2112 18

187 2156 325 2181 omnes
364 2142 404 2181 di
442 2143 704 2192 hominesque
749 2141 873 2180 sciant
911 2142 962 2180 ab
1002 2141 1077 2180 illis
1118 2141 1248 2188 etiam,
1289 2154 1390 2191 quae
1433 2153 1513 2179 non

186 2207 348 2257 possint,
384 2206 575 2258 temptari,
612 2220 662 2245 ne
696 2206 886 2246 rationem
916 2206 1017 2246 vitae
1047 2207 1224 2254 reddant,
1260 2219 1324 2244 me
1356 2204 1514 2244 obviam

185 2272 240 2310 ire
259 2271 411 2310 crimini
433 2279 471 2311 et
491 2272 627 2311 offerre
648 2285 711 2310 me
732 2271 899 2311 inimicis
920 2285 1041 2319 reum,
1060 2271 1253 2311 dictatura
1273 2283 1337 2309 me
1356 2270 1512 2308 abdico.

186 2351 255 2376 vos
285 2350 444 2387 quaeso,
474 2338 668 2385 consules,
700 2337 731 2375 si
760 2337 872 2376 vobis
901 2339 1038 2376 datum
1067 2337 1119 2375 ab
1143 2343 1281 2375 senatu
1311 2335 1513 2385 negotium
1536 2345 1574 2378 19

184 2402 310 2449 fuerit,
350 2402 389 2439 in
430 2415 492 2440 me
530 2401 700 2452 primum
739 2410 777 2441 et
815 2403 921 2441 h'unc
962 2404 1018 2440 M.
1067 2400 1223 2440 Folium
1262 2400 1513 2451 quaestiones

1365 2471 1423 2496 D2
