1747 2620
825 125 872 161 T.
905 124 1020 161 LIVI

264 231 403 282 gladiis
425 238 536 278 esset,
561 230 640 281 pila
660 243 765 269 velut
785 232 879 269 dato
900 232 950 270 ad
975 231 1015 270 id
1041 231 1152 281 signo
1173 230 1349 270 abiciunt
1371 230 1593 281 strictisque

263 296 402 348 gladiis
432 310 547 335 cursu
578 296 618 334 in
648 297 803 335 hostem
833 297 1018 335 feruntur.
1078 296 1175 335 nihil
1210 296 1288 335 illic
1320 296 1593 347 imperatoriae

263 362 354 401 artis
376 361 580 401 ordinibus
596 369 663 400 aut
680 361 864 400 subsidiis
881 362 1059 401 locandis
1076 361 1147 401 fuit
1162 376 1172 409 3
1196 362 1329 400 omnia
1350 362 1404 400 ira
1418 361 1593 400 militaris

225 443 243 473 4
264 441 386 478 prope
415 441 562 467 vesano
591 427 741 478 impetu
772 427 860 478 egit.
917 427 1050 477 itaque
1079 441 1160 466 non
1195 427 1270 465 fusi
1304 428 1426 466 modo
1460 428 1593 466 hostes

263 501 363 540 sunt,
381 495 451 533 sed
464 507 514 532 ne
530 493 664 532 castris
681 492 843 543 quidem
860 492 939 531 suis
955 494 1085 543 fugam
1103 492 1294 543 impedire
1310 492 1394 530 ausi
1408 491 1593 542 Apuliam

264 559 441 610 dissipati
471 559 618 609 petiere
634 574 644 607 3
674 558 880 597 Luceriam
911 566 1043 596 tamen
1073 565 1213 597 coacto
1242 571 1372 595 rursus
1402 557 1442 595 in
1470 570 1594 595 unum

229 625 420 676 sagmine
459 632 517 663 est
556 631 800 675 perventum.
864 625 1070 662 Romanos
1105 622 1159 661 ira
1199 623 1350 669 eadem,
1387 635 1488 672 quae
1527 635 1595 672 per

265 691 438 730 mediam
468 690 594 729 aciem
629 689 803 728 hostium
834 690 986 736 tulerat,
1019 695 1056 726 et
1087 687 1126 726 in
1157 694 1281 726 castra
1312 686 1480 737 pertulit.
1540 686 1595 725 ibi

264 759 352 807 plus
382 770 501 806 quam
529 755 569 794 in
599 755 683 793 acie
709 753 909 805 sanguinis
937 767 982 792 ac
1003 753 1136 792 caedis
1164 754 1323 800 facturn,
1346 753 1595 803 praedaeque

264 835 352 872 pars
379 821 500 859 maior
521 820 575 859 ira
595 827 788 870 corrupta.

227 893 246 924 6
320 887 524 925 Exercitus
545 887 640 924 alter
660 899 751 924 cum
774 883 928 935 Papirio
945 885 1107 923 consule
1128 882 1224 922 locis
1241 882 1444 922 maritimis
1466 895 1596 933 perve-

265 959 375 990 nerat
396 953 524 1001 Arpos
552 964 620 1001 per
647 949 781 988 omnia
807 956 947 1000 pacata
973 948 1210 988 Samnitium
1238 948 1360 998 magis
1388 947 1536 986 iniuriis
1558 954 1596 986 et

230 1017 361 1063 7odio
391 1029 509 1066 quam
540 1014 736 1054 beneficio
766 1016 847 1053 ullo
874 1014 1010 1064 populi
1039 1014 1210 1052 Romani
1227 1028 1237 1061 3
1266 1026 1358 1051 nam
1387 1012 1594 1060 Samnites,

266 1096 311 1121 ea
341 1088 574 1131 tempestate
604 1080 643 1118 in
674 1079 877 1118 montibus
906 1078 1063 1117 vicatim
1096 1078 1331 1125 habitantes,
1363 1078 1598 1128 campestria

265 1155 303 1185 et
332 1145 527 1185 maritima
556 1147 654 1192 loca,
687 1152 918 1194 contempto
948 1145 1144 1182 cultorum
1180 1142 1358 1182 molliore
1391 1150 1522 1193 atque,
1554 1149 1596 1181 ut

265 1212 396 1252 evenit
425 1212 515 1259 fere,
538 1210 635 1249 locis
666 1210 782 1249 simili
805 1223 958 1260 genere,
983 1209 1056 1259 ipsi
1084 1209 1263 1248 montani
1287 1216 1406 1259 atque
1425 1214 1596 1259 agrestes

228 1282 247 1314 8
266 1277 621 1328 depopulabantur.
679 1289 780 1326 quae
801 1276 906 1325 regio
927 1274 958 1314 si
983 1276 1063 1314 fida
1089 1274 1331 1314 Samnitibus
1362 1274 1509 1321 fuisset,
1531 1281 1597 1312 aut

266 1342 468 1393 pervenire
485 1343 612 1392 Arpos
634 1341 825 1380 exercitus
847 1342 1052 1379 Romanus
1073 1339 1286 1390 nequisset,
1307 1347 1374 1378 aut
1394 1339 1596 1379 interiecta

266 1408 366 1446 inter
396 1410 569 1446 Romam
599 1414 637 1445 et
662 1408 790 1457 Arpos
821 1406 984 1457 penuria
1013 1419 1140 1445 rerum
1162 1405 1341 1444 omnium
1369 1406 1547 1443 exclusos
1574 1418 1598 1443 a

227 1486 248 1518 9
267 1473 555 1512 commeatibus
579 1472 873 1522 absumpsisset.
916 1479 999 1510 tum
1021 1484 1181 1522 quoque
1202 1472 1398 1522 profectos
1426 1470 1519 1510 inde
1545 1472 1595 1510 ad

267 1538 485 1586 Luceriam,
526 1538 632 1576 iuxta
676 1537 904 1576 obsidentes
944 1537 1218 1586 obsessosque,
1261 1535 1393 1586 inopia
1432 1535 1594 1575 vexavit.

266 1604 399 1643 omnia
429 1604 478 1643 ab
509 1603 625 1654 Arpis
661 1602 854 1642 Romanis
888 1602 1254 1653 suppeditabantur,
1287 1609 1461 1640 ceterum
1495 1602 1597 1640 adeo

266 1670 414 1721 exigue,
446 1677 488 1708 ut
519 1669 632 1708 militi
663 1676 858 1719 occupato
887 1668 1122 1707 stationibus
1152 1668 1371 1718 vigiliisque
1407 1675 1444 1706 et
1478 1663 1597 1718 opere

210 1752 248 1774 10
266 1749 387 1786 eques
408 1735 590 1773 folliculis
611 1734 651 1772 in
672 1741 797 1773 castra
817 1734 868 1772 ab
888 1734 1005 1784 Arpis
1028 1735 1268 1772 frumentum
1289 1734 1458 1780 veheret,
1484 1734 1598 1772 inter-

267 1802 362 1839 dum
388 1814 553 1839 occursu
583 1799 756 1838 hostium
787 1807 991 1849 cogeretur
1018 1798 1175 1837 abiecto
1200 1811 1247 1837 ex
1271 1811 1374 1848 equo
1400 1799 1596 1837 frumento

266 1879 450 1916 pugnare.
511 1865 681 1904 obsessis
709 1864 936 1915 priusquam
961 1866 1058 1903 alter
1084 1865 1222 1903 consul
1250 1863 1397 1902 victore
1425 1863 1595 1902 exercitu

265 1932 436 1979 advenit,
456 1939 493 1970 et
514 1938 758 1969 commeatus
776 1944 821 1969 ex
843 1929 1044 1969 montibus
1066 1928 1301 1967 Samnitium
1323 1928 1466 1967 invecti
1487 1937 1597 1967 erant

209 2015 244 2037 11
267 2005 305 2036 et
326 1997 468 2036 auxilia
489 1996 724 2036 intromissa.
781 1995 921 2034 artiora
943 1994 1076 2033 omnia
1096 1995 1289 2033 adventus
1312 1993 1470 2032 Publilii
1493 1994 1594 2042 fecit,

267 2063 334 2112 qui
365 2062 574 2101 obsidione
604 2063 782 2112 delegata
812 2061 852 2098 in
882 2074 1015 2099 curam
1043 2061 1218 2111 collegae
1242 2072 1361 2110 vagus
1389 2072 1458 2109 per
1484 2072 1596 2109 agros

210 2145 246 2166 12
267 2135 411 2166 cuncta
440 2127 581 2165 infesta
610 2127 897 2165 commeatibus
927 2126 1101 2164 hostium
1132 2127 1300 2173 fecerat;
1338 2125 1470 2174 itaque
1504 2138 1595 2163 cum

267 2205 356 2243 spes
390 2193 498 2230 nulla
532 2199 633 2230 esset
667 2191 814 2230 diutius
849 2191 1032 2229 obsessos
1067 2189 1242 2241 inopiam
1276 2191 1433 2237 laturos,
1470 2189 1596 2228 coacti

269 2257 475 2304 Samnites,
499 2258 566 2306 qui
596 2257 648 2295 ad
678 2255 884 2294 Luceriam
911 2263 1035 2294 castra
1065 2255 1277 2302 habebant,
1306 2256 1483 2305 undique
1506 2267 1596 2292 con-

268 2324 399 2362 tractis
420 2322 565 2361 viribus
586 2321 695 2372 signa
715 2334 806 2359 cum
829 2321 983 2371 Papirio
1004 2322 1192 2360 conferre.

204 2394 251 2432 14
323 2390 396 2426 Per
416 2387 456 2426 id
483 2394 638 2438 tempus
665 2385 891 2437 parantibus
918 2385 1092 2435 utrisque
1119 2399 1160 2423 se
1186 2386 1236 2424 ad
1261 2384 1450 2434 proelium
1482 2384 1596 2433 legati
