1747 2620
345 137 414 173 AB
446 135 595 172 VRBE
625 133 883 172 CONDITA
914 134 1017 171 LIB.
1050 133 1120 171 IX.
1158 145 1282 180 11-13

156 258 292 295 pacem
314 243 434 283 animi
449 249 703 288 mutaverant,
721 248 761 279 ut
777 240 979 280 clariorem
995 241 1094 280 inter
1113 243 1315 279 Romanos
1331 239 1482 278 deditio

155 308 401 348 Postumium
422 320 541 358 quam
563 306 748 345 Pontium
767 306 969 345 incruenta
985 306 1146 345 victoria
1166 306 1266 344 inter
1286 304 1481 344 Samnites

154 376 295 412 faceret
334 380 371 412 et
409 372 489 422 geri
528 385 644 423 posse
682 372 829 410 bellum
872 371 1043 410 Romani
1078 384 1148 421 pro
1183 370 1344 409 victoria
1377 377 1481 408 certa
1500 379 1518 408 4

154 439 355 486 haberent,
391 437 586 477 Samnites
621 436 734 476 simul
776 437 984 475 rebellasse
1023 443 1060 475 et
1099 435 1238 475 vicisse
1277 436 1481 474 crederent

153 505 391 543 Romanum.

207 570 314 608 Inter
334 569 432 607 haec
453 567 643 607 Satricani
663 567 714 605 ad
744 566 938 606 Samnites
960 567 1200 612 defecerunt,
1223 571 1261 603 et
1282 566 1479 615 Fregellae
1501 578 1517 608 5

151 634 308 674 colonia
327 634 566 685 necopinato
581 635 754 672 adventu
776 631 1187 671 Samnitium—fuisse
1204 638 1242 670 et
1258 630 1480 669 Satricanos

150 713 241 738 cum
281 699 326 738 iis
365 700 456 737 satis
495 704 823 737 constat—nocte
861 704 1054 747 occupata
1092 703 1160 735 est.
1231 695 1348 734 timor
1386 695 1478 734 inde

152 772 311 803 mutuus
332 771 518 813 utrosque
534 776 658 813 usque
673 764 724 801 ad
745 764 873 800 lucem
888 761 1042 812 quietos
1059 760 1185 800 tenuit
1200 776 1210 809 3
1238 762 1302 799 lux
1323 774 1478 811 pugnae
1497 772 1517 803 6

150 829 304 868 initium
333 830 416 876 fuit,
439 841 560 878 quam
591 827 835 878 aliquamdiu
854 840 1035 877 aequam,
1058 834 1095 865 et
1125 826 1217 876 quia
1241 839 1311 876 pro
1337 826 1411 864 aris
1433 840 1478 865 ac

149 895 246 934 focis
267 894 529 934 dimicabatur
549 901 587 932 et
608 893 700 944 quia
720 907 767 932 ex
794 893 906 932 tectis
927 894 1138 932 adiuvabat
1162 892 1331 931 imbellis
1353 892 1480 930 multi-

148 961 247 1000 tudo
272 967 475 1007 certamen,
506 959 725 1010 Fregellani
753 958 1032 998 sustinuerunt.
1092 960 1195 997 fraus
1223 958 1369 997 deinde
1395 972 1476 996 rem
1500 978 1517 1013 7

148 1025 360 1073 inclinavit,
388 1026 497 1075 quod
525 1038 663 1064 vocem
691 1025 816 1064 audiri
843 1024 1048 1075 praeconis
1076 1023 1180 1074 passi
1208 1031 1309 1070 sunt,
1332 1025 1479 1062 incolu-

150 1104 255 1129 mem
276 1090 486 1137 absturum,
509 1090 576 1140 qui
600 1103 707 1128 arma
734 1089 939 1140 posuisset.
1001 1103 1046 1128 ea
1075 1102 1164 1139 spes
1191 1088 1338 1127 remisit
1358 1102 1381 1127 a
1402 1102 1479 1127 cer-

148 1155 295 1194 tamine
316 1155 480 1203 animos‚
504 1162 542 1194 et
569 1156 715 1205 passim
743 1168 851 1194 arma
877 1154 1009 1193 iactari
1031 1162 1182 1205 coepta.
1243 1154 1478 1204 pertinacior
1498 1167 1516 1197 8

148 1234 236 1271 pars
256 1228 404 1259 armata
425 1234 494 1270 per
509 1233 684 1259 aversam
702 1227 855 1270 portam
873 1219 1009 1270 erupit,
1030 1219 1227 1270 tutiorque
1244 1219 1298 1258 eis
1312 1219 1477 1258 audacia

147 1285 218 1324 fuit
248 1298 366 1335 quam
397 1285 579 1323 incautus
606 1286 657 1323 ad
682 1286 927 1323 credendum
955 1286 1093 1323 ceteris
1120 1298 1251 1335 pavor,
1279 1298 1379 1335 quos
1406 1284 1478 1323 cir-

146 1351 354 1389 cumdatos
402 1349 492 1400 igni,
543 1349 785 1400 nequiquam
834 1351 930 1389 deos
980 1351 1180 1400 fidemque
1233 1350 1474 1398 invocantes,

146 1415 340 1454 Samnites
361 1422 721 1454 concremaverunt.

202 1481 410 1528 Consules,
431 1479 531 1519 inter
551 1494 593 1519 se
614 1480 744 1530 partiti
771 1480 1004 1530 provincias,
1030 1480 1206 1530 Papirius
1228 1481 1267 1519 in
1289 1481 1474 1532 Apuliam
1496 1498 1515 1529 9

147 1546 198 1584 ad
215 1544 420 1583 Luceriam
438 1544 573 1595 pergit,
591 1544 659 1583 ubi
674 1545 825 1595 equites
845 1544 1016 1584 Romani
1033 1545 1193 1585 obsides
1209 1547 1260 1585 ad
1277 1546 1475 1586 Caudium

147 1609 229 1648 dati
258 1610 592 1656 custodiebantur,
618 1609 810 1648 Publilius
839 1610 879 1647 in
910 1610 1072 1649 Samnio
1097 1610 1269 1649 substitit
1290 1612 1475 1651 adversus

148 1673 349 1714 Caudinas
384 1674 568 1725 legiones.
630 1675 820 1714 distendit
854 1688 900 1714 ea
939 1689 998 1714 res
1038 1676 1273 1715 Samnitium
1308 1677 1472 1725 animos,
1498 1702 1536 1723 10

148 1740 257 1790 quod
278 1753 350 1778 nec
371 1741 421 1779 ad
448 1740 655 1779 Luceriam
682 1741 746 1788 ire,
771 1754 821 1779 ne
841 1741 892 1780 ab
920 1748 1028 1791 tergo
1056 1741 1217 1781 instaret
1244 1744 1380 1789 hostis,
1402 1757 1475 1782 nec

148 1817 316 1852 manere,
353 1818 403 1843 ne
443 1805 608 1844 Luceria
647 1805 801 1844 interim
840 1805 1093 1855 amitteretur,
1131 1807 1222 1846 satis
1260 1809 1473 1847 audebant.

147 1869 341 1920 optimum
362 1870 489 1909 visum
511 1878 569 1909 est
598 1870 846 1909 committere
876 1885 958 1910 rem
988 1873 1167 1910 fortunae
1197 1879 1234 1911 et
1265 1873 1475 1924 transigere
1498 1895 1531 1916 11

146 1948 236 1973 cum
267 1934 438 1973 Publilio
467 1943 666 1974 certamen
682 1950 692 1983 ,-
730 1935 862 1986 itaque
896 1935 937 1974 in
966 1936 1091 1975 aciem
1122 1937 1255 1987 copias
1285 1940 1470 1978 educunt.

145 2001 330 2038 adversus
351 2013 452 2050 quos
473 2000 664 2039 Publilius
685 2003 823 2040 consul
844 2014 934 2040 cum
956 2001 1210 2041 dimicaturus
1231 2012 1343 2051 esset,
1368 2004 1473 2055 prius
1491 2015 1535 2052 13

145 2065 421 2114 adloquendos
435 2064 577 2103 milites
591 2072 694 2104 ratus
708 2065 936 2104 contionem
949 2067 1131 2105 advocari
1146 2067 1267 2107 iussit.
1299 2076 1473 2108 ceterum

146 2129 246 2167 sicut
262 2128 410 2178 ingenti
425 2129 623 2169 alacritate
643 2132 695 2170 ad
716 2131 952 2181 praetorium
970 2145 1206 2171 concursum
1223 2142 1291 2182 est,
1311 2134 1363 2174 ita
1383 2149 1475 2186 prae

146 2195 317 2232 clamore
346 2194 596 2244 poscentium
629 2208 803 2246 pugnam
837 2198 944 2235 nulla
972 2198 1195 2237 adhortatio
1229 2199 1474 2250 imperatoris

145 2258 279 2297 audita
308 2265 390 2297 est:
424 2272 517 2298 suus
546 2260 689 2311 cuique
718 2261 873 2300 animus
900 2275 1051 2302 memor
1077 2263 1316 2313 ignominiae
1335 2267 1474 2305 adhor-
1493 2281 1509 2302 2

146 2331 247 2362 tator
272 2324 417 2363 aderat.
477 2326 625 2364 vadunt
655 2326 769 2376 igitur
796 2328 835 2365 in
856 2329 1048 2378 proelium
1071 2337 1252 2379 urgentes
1269 2331 1473 2380 signiferos

146 2396 195 2436 et,
214 2402 264 2426 ne
285 2402 394 2427 mora
415 2389 453 2427 in
474 2403 668 2430 concursu
689 2391 776 2442 pilis
797 2392 1024 2432 emittendis
1045 2394 1360 2445 stringendisque
1381 2396 1473 2435 inde

214 2477 276 2495 mvx*
294 2477 323 2494 xx
1367 2470 1386 2492 C
