1747 2620
341 124 410 159 AB
444 122 592 158 VRBE
624 120 882 159 CONDITA
914 119 1016 156 LIB.
1050 118 1120 155 IX.
1158 119 1214 162 18,
1244 130 1287 165 19

152 229 362 268 invenisset
407 230 549 267 hostes.
623 227 705 278 ipse
749 226 962 265 traiecisset
1006 239 1111 264 mare
1152 238 1242 263 cum
1284 222 1475 262 veteranis
1497 229 1513 260 5

153 294 455 340 Macedonibus,
506 306 586 331 non
634 293 722 342 plus
770 291 926 341 triginta
973 290 1131 329 milibus
1179 290 1386 328 hominum
1439 294 1477 325 et

151 366 336 409 quattuor
356 357 514 397 milibus
535 358 727 408 equitum,
749 356 918 394 maxime
938 357 1219 394 Thessalorum
1236 369 1245 403 3
1275 355 1351 392 hoc
1372 352 1477 392 enim

151 425 301 462 roboris
322 431 413 462 erat.
475 426 622 469 Persas,
654 423 777 460 Indos
807 422 982 471 aliasque
1003 420 1033 458 si
1060 419 1302 458 adiunxisset
1328 425 1475 469 genteS,

151 488 480 539 impedimentum
502 487 627 526 maius
648 501 767 538 quam
788 486 975 524 auxilium
997 486 1175 524 traheret.
1234 485 1348 530 adde,
1368 483 1477 533 quod
1497 487 1517 518 6

152 554 343 593 Romanis
364 555 414 593 ad
443 567 604 592 manum
625 554 734 592 domi
760 553 1079 603 supplementum
1102 557 1215 597 esset,
1240 550 1476 594 Alexandro,

151 621 260 670 quod
299 627 435 670 postea
477 618 694 658 Hannibali
738 617 892 664 accidit,
934 616 1063 655 alieno
1103 615 1143 653 in
1186 628 1278 665 agro
1317 613 1479 652 bellanti

150 685 340 724 exercitus
367 684 649 723 consenuisset.
708 696 816 722 arma
843 681 958 732 clipei
983 681 1205 731 sarisaeque
1235 679 1309 718 illis
1337 679 1397 730 (id
1422 686 1480 716 est

150 748 301 800 hastae)
316 765 326 797 3
374 751 558 787 Romano
607 755 775 795 scutum,
823 747 949 785 maius
997 745 1150 796 corpori
1193 751 1516 795 tegunientum,7

150 823 189 854 et
240 814 374 865 pilum,
425 815 531 853 haud
579 815 697 864 paulo
750 827 869 863 quam
923 814 1034 850 hasta
1078 810 1350 850 vehementius
1401 809 1480 848 ictu

151 880 351 930 missuque
380 881 512 918 telum.
572 878 751 918 statarius
778 886 943 928 uterque
968 877 1090 923 miles,
1116 876 1274 916 ordines
1299 889 1456 915 servans
1472 889 1482 923 ;
1500 884 1517 913 S

151 947 221 984 sed
248 946 313 984 illa
340 946 509 996 phalanx
536 944 750 983 immobilis
775 951 813 982 et
837 942 953 982 unius
978 943 1144 993 generis,
1170 943 1354 979 Romana
1377 940 1481 978 acies

151 1010 380 1057 distinctior,
414 1024 460 1048 ex
492 1009 668 1060 pluribus
698 1008 872 1059 partibus
904 1016 1100 1055 constans,
1134 1006 1256 1045 facilis
1286 1005 1479 1057 partienti‚

151 1090 402 1127 quacumque
425 1089 525 1126 opus
555 1082 667 1122 esset,
692 1074 815 1112 facilis
841 1073 1027 1123 iungenti.
1087 1073 1164 1111 iam
1189 1072 1230 1110 in
1252 1085 1369 1122 opere
1394 1070 1480 1120 quis
1499 1086 1518 1117 9

151 1156 220 1192 par
255 1144 440 1180 Romano
471 1140 594 1187 miles,
626 1140 713 1190 quis
747 1141 798 1178 ad
828 1140 1077 1177 tolerandum
1110 1138 1285 1176 laborem
1316 1135 1482 1175 melior?

152 1221 232 1245 uno
253 1206 401 1257 proelio
424 1205 548 1244 victus
570 1206 792 1244 Alexander
813 1204 918 1243 bello
934 1204 1059 1242 victus
1082 1210 1183 1242 esset
1201 1219 1206 1241 :
1238 1204 1478 1248 Romanum,

153 1286 270 1322 quem
293 1271 503 1318 Caudium,
527 1284 646 1321 quem
669 1271 831 1310 Cannae
853 1283 934 1308 non
954 1270 1162 1319 fregerunt,
1185 1281 1286 1318 quae
1307 1266 1482 1317 fregisset

150 1336 284 1375 acies?
340 1350 389 1375 ne
416 1336 480 1375 ille
511 1349 638 1386 saepe,
671 1335 788 1374 etiam
819 1336 849 1373 si
880 1334 1005 1385 prima
1033 1347 1218 1385 prospere
1248 1334 1483 1380 evenissent,
1504 1341 1542 1363 10

153 1404 289 1441 Persas
328 1410 366 1440 et
407 1403 530 1440 Indos
565 1409 603 1439 et
643 1400 842 1439 imbellem
883 1400 1019 1438 Asiam
1059 1399 1275 1450 quaesisset
1314 1406 1353 1437 et
1391 1411 1482 1436 cum

151 1467 306 1506 feminis
355 1467 428 1506 sibi
469 1467 616 1505 bellum
666 1465 785 1505 fuisse
828 1465 998 1513 dixisset,
1042 1466 1152 1515 quod
1196 1463 1305 1515 Epiri
1352 1476 1482 1513 regem
1504 1479 1538 1500 11

153 1534 432 1580 Alexandrum,
455 1533 653 1571 mortifero
673 1534 833 1570 vulnere
855 1531 987 1578 ictum,
1011 1530 1154 1569 dixisse
1175 1531 1314 1576 ferunt,
1338 1535 1483 1567 sortem

151 1599 346 1636 bellorum
381 1597 421 1635 in
438 1597 533 1635 Asia
565 1604 765 1647 gestorum
804 1597 855 1635 ab
886 1597 964 1634 hoc
997 1595 1084 1646 ipso
1115 1595 1256 1634 iuvene
1288 1608 1379 1633 cum
1413 1606 1483 1631 sua

154 1664 432 1702 conferentem.
484 1662 669 1712 equidem
700 1676 791 1700 cum
818 1675 886 1712 per
914 1674 1039 1699 annos
1069 1667 1254 1711 quattuor
1281 1667 1319 1698 et
1348 1657 1540 1709 viginti12

152 1727 278 1778 primo
301 1727 452 1766 Punico
468 1728 572 1766 bello
593 1727 782 1766 classibus
803 1734 993 1765 certatum
1015 1740 1106 1765 cum
1128 1725 1271 1764 Poenis
1288 1725 1484 1771 recordor,

152 1793 214 1831 vix
246 1801 415 1832 aetatem
447 1792 660 1831 Alexandri
695 1793 945 1831 suffecturam
983 1791 1103 1830 fuisse
1145 1805 1230 1829 reor
1271 1791 1321 1828 ad
1359 1803 1483 1828 unum

152 1859 327 1907 bellum,
360 1866 398 1897 et
423 1858 594 1905 forsitan,
627 1871 719 1896 cum
748 1865 787 1897 et
816 1856 1041 1896 foederibus
1071 1855 1232 1895 vetustis
1262 1855 1395 1894 iuncta
1424 1867 1484 1893 res
1506 1868 1543 1900 13

155 1924 305 1963 Punica
332 1926 540 1963 Romanae
571 1931 673 1962 esset
700 1931 738 1962 et
768 1923 884 1961 timor
914 1936 983 1973 par
1011 1923 1198 1960 adversus
1227 1933 1484 1959 communem

154 1992 310 2029 hostem
342 1991 440 2028 duas
471 1988 764 2040 potentissimas
798 1987 915 2026 armis
953 1986 1122 2037 virisque
1160 1985 1267 2024 urbis
1306 1992 1482 2032 armaret,

155 2054 271 2093 simul
325 2053 476 2092 Punico
530 2055 793 2102 Romanoque
843 2052 1007 2090 obrutus
1060 2052 1165 2090 bello
1218 2058 1329 2089 esset.
1402 2063 1484 2089 non
1508 2069 1546 2102 14

155 2120 317 2169 quidem
338 2119 562 2158 Alexandro
579 2120 680 2157 duce
700 2131 774 2156 nec
794 2116 952 2168 integris
974 2117 1246 2155 Macedonum
1266 2116 1394 2163 rebus,
1413 2116 1484 2154 sed

155 2183 302 2234 experti
332 2191 465 2223 tamen
493 2192 584 2223 sunt
613 2184 786 2222 Romani
814 2183 1081 2222 Macedonem
1112 2183 1267 2221 hostem
1296 2183 1483 2221 adversus

155 2249 411 2297 Antiochum,
442 2249 680 2300 Philippum,
704 2250 849 2287 Persen
879 2261 960 2287 non
991 2249 1113 2287 modo
1139 2261 1231 2286 cum
1253 2248 1365 2286 clade
1391 2248 1482 2294 ulla,

155 2316 224 2354 sed
254 2328 303 2353 ne
337 2328 427 2353 cum
458 2313 631 2365 periculo
660 2313 822 2364 quidem
852 2327 934 2352 suo.
993 2312 1096 2351 absit
1125 2311 1273 2351 invidia
1296 2312 1417 2351 verbo
1445 2319 1484 2350 et
1506 2324 1543 2355 15

154 2380 282 2420 civilia
309 2381 410 2419 bella
439 2379 603 2419 sileant:
634 2392 851 2430 numquam
876 2379 927 2418 ab
957 2378 1090 2429 equite
1118 2380 1243 2426 hoste,
1266 2391 1483 2429 numquam
