1747 2620
390 106 460 143 AB
493 105 641 142 VRBE
672 104 927 143 CONDITA
962 106 1063 142 ΜΒ.
1099 106 1167 142 lx.
1203 117 1236 153 3,
1259 118 1281 151 4

174 214 311 251 frustra
326 212 435 251 multi
453 219 617 251 conatus
633 213 683 251 ad
701 214 989 263 erumpendum
1007 214 1109 263 capti
1127 220 1257 252 essent
1273 220 1311 252 et
1325 213 1402 251 iam
1418 225 1499 251 om-

173 277 282 315 nium
299 291 427 316 rerum
441 277 574 328 inopia
590 284 703 324 esset,
721 277 812 315 victi
828 278 1061 316 necessitate
1077 280 1224 328 legatos
1242 277 1413 325 mittunt,
1431 277 1499 328 qui
1519 293 1534 314 2

171 341 339 391 primum
357 355 495 393 pacem
516 356 682 392 aequam
701 349 877 393 peterent
893 357 902 390 3
929 342 960 381 si
977 356 1114 393 pacem
1132 357 1213 381 non
1234 344 1496 394 impetrarent,

172 406 227 444 uti
255 415 512 456 provocarent
536 409 587 446 ad
614 420 798 457 pugnam.
857 415 940 446 tum
967 407 1130 446 Pontius
1152 408 1392 447 debellatum
1413 421 1499 447 esse
1519 429 1535 459 3

171 472 372 522 respondit
403 480 451 519 et,
484 472 670 523 quoniam
702 486 751 511 ne
781 472 871 510 victi
902 472 1063 522 quidem
1093 486 1138 510 ac
1168 473 1271 523 capti
1302 474 1497 511 fortunam

171 537 279 576 fateri
310 537 463 585 scirent,
487 538 653 576 inermes
684 550 774 575 cum
805 537 965 587 singulis
990 537 1232 576 vestimentis
1263 538 1336 576 sub
1364 538 1496 587 iugum

170 602 378 640 missurum
395 617 405 650 ;
432 601 526 640 alias
554 601 811 641 condiciones
839 601 946 653 pacis
973 615 1120 652 aequas
1141 602 1252 641 victis
1275 615 1321 641 ac
1342 602 1495 641 victori-

170 668 243 705 bus
268 668 374 707 fore:
404 667 434 705 si
461 680 555 717 agro
576 666 811 706 Samnitium
839 668 1106 715 decederetur‚
1130 667 1309 706 coloniae
1329 668 1498 707 abduce·
1516 686 1536 716 4

169 739 311 780 rentur,
348 731 426 771 suis
461 732 554 771 inde
588 731 739 782 legibus
774 734 1003 770 Romanum
1038 745 1084 771 ac
1118 731 1335 771 Samnitem
1369 745 1498 783 aequo

169 799 328 837 foedere
348 797 541 836 victurum
555 812 566 846 3
596 797 655 836 his
672 797 975 837 condicionibus
996 805 1173 848 paratum
1195 811 1237 836 se
1253 811 1338 837 esse
1358 799 1498 836 foedus
1518 812 1534 842 5

168 875 259 900 cum
289 863 519 901 consulibus
551 862 690 910 ferire3
728 862 760 901 si
794 864 891 912 quid
926 876 1062 902 eorum
1097 863 1313 914 displiceat,
1349 865 1497 914 legatos

168 927 292 966 redire
312 929 363 966 ad
384 941 425 966 se
446 927 581 966 vetuit.
639 929 735 966 haec
761 941 852 966 cum
880 928 1022 978 legatio
1047 928 1343 976 renuntiaretur,
1366 936 1496 967 tantus
1516 937 1536 969 6

167 991 334 1041 gemitus
363 992 542 1031 omnium
570 992 701 1031 subito
729 1000 884 1032 exortus
915 1000 973 1031 est
1003 1000 1191 1043 tantaque
1222 993 1415 1032 maestitia
1444 993 1498 1032 in-

168 1057 294 1104 cessit,
327 1064 369 1096 ut
399 1070 479 1095 non
513 1057 665 1107 gravius
699 1057 898 1108 accepturi
928 1057 1160 1104 viderentur,
1193 1058 1225 1096 si
1254 1059 1498 1096 nuntiaretur

168 1121 353 1160 omnibus
374 1135 422 1161 eo
442 1124 531 1161 loco
552 1130 719 1161 mortem
740 1123 1007 1173 oppetendam
1029 1136 1124 1162 esse.
1184 1136 1274 1161 cum
1296 1123 1364 1161 diu
1385 1123 1497 1162 silen-
1516 1132 1533 1168 7

167 1186 263 1225 tium
299 1187 434 1226 fuisset
468 1201 542 1226 nec
576 1189 758 1227 consules
792 1195 859 1226 aut
892 1201 963 1239 pro
997 1189 1154 1227 foedere
1189 1196 1269 1226 tam
1299 1188 1401 1239 turpi
1430 1197 1497 1228 aut

166 1259 302 1290 contra
342 1253 480 1291 foedus
520 1260 599 1290 tam
639 1252 902 1291 necessarium
938 1252 1088 1292 hiscere
1122 1260 1294 1303 possent,
1331 1260 1414 1291 tum
1451 1255 1494 1292 L.

170 1318 372 1364 Lentulus,
403 1316 469 1367 qui
500 1317 681 1367 princeps
713 1319 930 1367 legatorum
961 1318 1101 1356 virtute
1129 1325 1249 1368 atque
1278 1318 1496 1357 honoribus

166 1390 257 1429 erat,
296 1386 466 1432 ‘patrem
497 1384 651 1421 meum'
682 1382 819 1433 inquit,
864 1385 1079 1430 ‘consules,
1111 1397 1228 1434 saepe
1257 1383 1389 1422 audivi
1420 1397 1495 1422 me-
1513 1395 1534 1425 8

167 1454 387 1486 morantem
408 1460 449 1486 se
465 1447 505 1485 in
519 1447 717 1498 Capitolio
739 1461 862 1486 unum
884 1460 966 1487 non
986 1448 1106 1487 fuisse
1118 1455 1321 1487 auctorem
1342 1449 1495 1488 senatui

165 1512 418 1551 redimendae
438 1525 532 1551 auro
548 1526 571 1550 a
587 1512 710 1551 Gallis
732 1512 908 1560 civitatis,
927 1515 1090 1563 quando
1106 1527 1179 1552 nec
1195 1515 1299 1552 fossa
1315 1515 1496 1565 valloque

164 1578 215 1616 ab
236 1577 488 1628 ignavissimo
507 1579 558 1616 ad
586 1591 706 1628 opera
729 1592 775 1617 ac
796 1578 1058 1618 muniendum
1087 1580 1201 1618 hoste
1222 1579 1343 1617 clausi
1365 1587 1495 1618 essent

165 1649 203 1681 et
230 1655 434 1693 erumpere
461 1642 493 1680 si
520 1655 602 1680 non
622 1642 706 1681 sine
734 1656 878 1693 magno
906 1643 1092 1694 periculo,
1120 1651 1252 1683 tamen
1277 1644 1361 1684 sine
1391 1653 1496 1684 certa

166 1706 337 1757 pernicie
367 1714 540 1757 possent.
600 1708 709 1757 quod
739 1708 781 1755 si,
809 1707 883 1746 illis
914 1716 955 1747 ut
985 1710 1190 1748 decurrere
1220 1722 1266 1748 ex
1297 1709 1495 1759 Capitolio
1513 1725 1533 1758 9

162 1772 320 1811 armatis
349 1772 390 1811 in
420 1774 575 1811 hostem
605 1772 724 1820 licuit,
748 1786 828 1824 quo
859 1787 976 1824 saepe
1003 1776 1126 1814 modo
1154 1774 1305 1814 obsessi
1332 1775 1373 1812 in
1393 1775 1495 1813 obsi—

163 1839 302 1877 dentes
322 1845 544 1888 eruperunt,
567 1838 620 1877 ita
639 1838 755 1877 nobis
775 1852 904 1889 aequo
924 1847 991 1878 aut
1012 1839 1148 1890 iniquo
1169 1842 1258 1878 loco
1278 1839 1494 1879 dimicandi

163 1903 442 1942 tantummodo
462 1917 553 1942 curn
575 1904 688 1942 hoste
709 1903 823 1953 copia
843 1912 955 1952 esset,
979 1918 1061 1943 non
1083 1904 1179 1942 mihi
1200 1904 1352 1955 paterni
1372 1904 1493 1943 animi

163 1968 317 2007 indoles
346 1968 386 2006 in
416 1967 581 2006 consilio
611 1969 746 2006 dando
775 1969 941 2008 deesset.
1000 1969 1187 2019 equidem
1221 1977 1389 2009 mortem
1423 1983 1494 2020 pro
1516 1985 1555 2008 10

163 2032 287 2083 patria
306 2034 545 2083 praeclaram
566 2045 650 2071 esse
671 2034 795 2071 fateor
815 2040 853 2072 et
875 2047 938 2072 me
958 2035 1019 2072 vel
1039 2035 1233 2073 devovere
1253 2047 1324 2085 pro
1344 2036 1494 2084 populo

165 2099 350 2135 Romano
370 2097 670 2147 legionibusque
687 2099 748 2136 vel
768 2097 808 2135 in
829 2099 982 2137 medios
1004 2098 1213 2138 immittere
1234 2101 1367 2138 hostes
1388 2113 1494 2150 para-

163 2170 225 2201 tus
246 2175 358 2210 sum,
388 2163 457 2200 sed
481 2161 546 2200 hic
572 2161 735 2212 patriam
757 2162 884 2210 video,
907 2164 971 2202 hic
999 2163 1195 2214 quidquid
1220 2166 1491 2203 Romanarum
1516 2180 1549 2202 ιι

163 2227 362 2277 legionum
384 2234 453 2274 est,
471 2240 586 2278 quae,
601 2227 676 2266 nisi
696 2241 766 2278 pro
785 2241 826 2267 se
843 2228 936 2279 ipsis
953 2230 1004 2269 ad
1024 2237 1192 2269 mortem
1212 2243 1322 2270 ruere
1342 2232 1490 2278 volunt,

163 2293 260 2341 quid
289 2292 448 2339 habent,
471 2294 580 2342 quod
601 2300 727 2332 morte
747 2307 816 2332 sua
840 2297 1024 2333 servent?
1055 2298 1193 2334 “tecta
1219 2296 1359 2334 urbis''
1387 2295 1492 2334 dicat
1515 2314 1549 2335 12

163 2358 305 2410 aliquis
327 2362 401 2396 “et
432 2358 588 2397 moenia
617 2366 655 2398 et
685 2372 771 2398 eam
799 2361 965 2409 turbam,
986 2374 1009 2399 a
1038 2374 1115 2412 qua
1144 2362 1236 2400 urbs
1264 2362 1447 2401 incolitur
1460 2364 1490 2403 ⁷'.
