1747 2620
391 105 461 141 AB
492 105 639 142 VRBE
670 105 927 144 CONDITA
957 107 1061 145 LIB.
1095 108 1164 146 IX.
1196 121 1325 155 40-42

190 219 337 250 metum
360 213 531 251 fecerant
551 213 718 263 expertis
739 213 890 252 Gallica
911 215 1033 262 clade,
1056 229 1174 265 quam
1196 215 1361 254 intutam
1377 216 1513 254 urbem

189 275 413 314 incolerent.
473 276 605 326 itaque
632 277 746 327 legati
773 278 824 316 ad
856 278 1021 316 Fabium
1050 281 1253 319 consulem
1283 280 1389 319 missi
1411 288 1512 327 sunt,
1538 296 1570 317 ι.»

187 348 239 387 ut,
263 340 293 378 si
314 340 409 390 quid
430 341 639 380 laxamenti
659 355 683 380 a
712 342 816 380 bello
844 342 1078 381 Samnitium
1107 352 1218 392 esset,
1242 344 1281 382 in
1304 345 1512 385 Umbriam

185 417 350 455 propere
370 405 582 444 exercitum
604 407 774 445 duceret.
834 406 941 446 dicto
969 408 1096 458 paruit
1116 411 1254 448 consul
1282 410 1512 461 magnisque
1536 428 1572 459 13

186 468 389 509 itineribus
409 471 461 510 ad
482 471 724 520 Mevaniam,
751 472 819 511 ubi
847 479 929 511 tum
957 472 1095 524 copiae
1117 475 1361 514 Umbrorum
1390 483 1513 524 erant,

185 535 360 584 perrexit.
421 549 560 586 repens
589 537 782 575 adventus
812 537 995 585 consulis,
1028 551 1148 588 quem
1180 541 1315 589 procul
1344 540 1513 579 Umbria
1535 555 1573 587 14

185 599 224 638 in
254 600 415 639 Samnio
445 601 550 640 bello
578 601 655 640 alio
685 609 923 652 occupatum
953 602 1211 651 crediderant,
1244 603 1296 642 ita
1331 605 1513 643 exterruit

185 665 374 713 Umbros,
409 673 451 704 ut
488 666 553 704 alii
592 668 859 706 recedendum
894 669 945 707 ad
978 668 1094 707 urbes
1134 668 1315 716 munitas,
1349 669 1511 719 quidam

184 729 449 769 omittendum
471 731 619 770 bellum
640 739 846 770 censerent
860 746 870 780 3
900 733 1013 783 plaga
1039 734 1412 772 una—Materinam
1438 734 1512 785 ipsi
1535 748 1570 779 15

181 796 518 845 appellant—non
544 795 739 834 continuit
769 797 891 836 modo
916 803 1066 836 ceteros
1094 797 1133 835 in
1163 797 1290 845 armis,
1322 799 1391 837 sed
1421 812 1513 837 con-

181 859 310 898 festim
337 861 388 899 ad
417 868 614 900 certamen
645 860 732 911 egit.
792 868 917 900 castra
946 864 1155 901 vallantem
1187 863 1354 902 Fabium
1384 865 1510 904 adorti

183 932 284 963 sunt.
342 938 442 975 quos
476 924 545 964 ubi
574 926 718 965 effusos
748 939 858 966 ruere
888 926 927 965 in
958 927 1203 967 munimenta
1232 930 1371 968 consul
1400 929 1507 977 vidit,
1532 938 1571 970 16

182 997 383 1028 revocatos
424 990 566 1029 milites
599 991 649 1029 ab
681 1003 810 1042 opere,
847 999 962 1042 prout
994 992 1070 1031 loci
1104 1000 1242 1032 natura
1276 1001 1512 1045 tempusque

181 1054 412 1104 patiebatur,
441 1054 494 1093 ita
523 1054 729 1103 instruxit,
763 1057 1070 1107 cohortatusque
1099 1057 1392 1108 praedicatione
1421 1072 1511 1098 vera

180 1132 259 1169 qua
285 1118 325 1157 in
352 1119 503 1166 Tuscis,
534 1133 612 1170 qua
638 1119 678 1158 in
706 1120 867 1159 Samnio
892 1128 1091 1171 partorum
1119 1123 1308 1162 decorum
1330 1122 1508 1174 exiguam

180 1183 442 1235 appendicem
475 1184 630 1223 Etrusci
661 1184 753 1223 belli
788 1186 983 1225 conficere
1018 1186 1127 1225 iubet
1158 1195 1197 1226 et
1228 1187 1334 1226 vocis
1364 1188 1508 1239 impiae

179 1262 327 1299 poenas
360 1256 551 1300 expetere,
585 1263 663 1300 qua
693 1263 734 1288 se
774 1251 911 1289 urbem
952 1253 1177 1291 Romanam
1212 1260 1508 1303 oppugnaturos

180 1313 315 1352 minati
341 1321 440 1352 sunt.
501 1314 598 1352 haec
626 1321 732 1353 tanta
760 1323 850 1353 sunt
879 1316 1077 1355 alacritate
1102 1316 1269 1355 militum
1297 1317 1443 1365 audita,
1466 1325 1508 1357 ut
1529 1333 1567 1368 17

177 1380 325 1417 clamor
351 1392 421 1417 sua
450 1386 590 1429 sponte
620 1386 727 1418 ortus
758 1381 986 1430 loquentem
1016 1381 1319 1431 interpellaverit
1349 1383 1504 1422 ducem.

176 1451 267 1482 ante
288 1443 508 1494 imperium,
530 1450 621 1483 ante
642 1452 880 1483 concentum
902 1445 1084 1484 tubarum
1106 1459 1152 1485 ac
1177 1459 1369 1486 cornuum
1391 1461 1506 1487 cursu

177 1509 300 1547 effuso
339 1508 378 1547 in
418 1510 571 1548 hostem
611 1510 795 1548 feruntur.
857 1523 937 1549 non
977 1518 1179 1561 tamquam
1220 1511 1258 1550 in
1299 1511 1400 1551 viros
1439 1520 1506 1552 aut
1528 1520 1566 1552 18

176 1581 345 1612 armatos
367 1573 568 1613 incurrunt
585 1588 595 1622 ,·
625 1574 817 1614 mirabilia
832 1575 952 1623 dictu,
975 1575 1085 1626 signa
1100 1576 1227 1627 primo
1249 1577 1345 1627 eripi
1366 1586 1507 1629 coepta

176 1638 377 1689 signiferis,
400 1638 545 1678 deinde
565 1638 639 1689 ipsi
660 1639 830 1690 signiferi
851 1640 950 1678 trahi
970 1641 1021 1680 ad
1051 1643 1266 1689 consulem,
1289 1642 1507 1694 armatique

177 1703 319 1743 milites
349 1718 394 1742 ex
420 1703 504 1742 acie
528 1704 568 1742 in
594 1704 720 1743 aciem
746 1705 956 1754 transferri,
984 1713 1033 1753 et,
1061 1706 1187 1745 sicubi
1214 1714 1272 1746 est
1293 1715 1504 1756 certamen,

175 1768 295 1807 scutis
329 1768 451 1819 magis
483 1782 603 1819 quam
634 1769 772 1820 gladiis
806 1769 950 1821 geritur
979 1784 1063 1819 res;
1104 1772 1346 1811 umbonibus
1378 1772 1505 1812 incus-

174 1847 295 1884 saque
314 1835 376 1872 ala
401 1841 626 1873 sternuntur
653 1835 796 1874 hostes.
857 1837 944 1886 plus
971 1835 1122 1887 capitur
1150 1836 1357 1876 hominum
1382 1852 1501 1889 quam
1524 1856 1564 1889 19

174 1898 359 1946 caeditur,
388 1906 508 1950 atque
534 1913 614 1937 una
633 1913 707 1939 vox
731 1913 878 1950 ponere
905 1914 1012 1940 arma
1039 1901 1261 1940 iubentium
1289 1916 1357 1953 per
1377 1911 1500 1943 totam

173 1964 292 2002 fertur
328 1963 465 2003 aciem.
524 1963 656 2014 itaque
686 1963 786 2002 inter
819 1964 948 2015 ipsum
983 1973 1181 2005 certarnen
1211 1968 1313 2006 facta
1350 1969 1501 2009 deditio
1520 1987 1564 2012 πο

173 2036 232 2067 est
264 2043 288 2067 a
325 2028 459 2080 primis
497 2029 724 2067 auctoribus
762 2029 866 2069 belli.
925 2038 1083 2081 postero
1122 2031 1502 2086 insequentibusque

172 2093 313 2132 diebus
348 2100 386 2132 et
417 2093 535 2132 ceteri
560 2093 803 2133 Umbrorum
839 2095 976 2145 populi
1010 2097 1209 2136 deduntur
1225 2112 1236 2146 3
1274 2098 1501 2139 Ocriculani

172 2157 385 2208 sponsione
405 2159 445 2196 in
465 2157 678 2197 amicitiam
698 2159 861 2210 accepti,

226 2222 382 2270 Fabius,
415 2222 566 2262 alienae
600 2223 713 2262 sortis
749 2223 872 2264 victor
906 2224 1009 2273 belli,
1041 2225 1081 2264 in
1116 2239 1226 2265 suam
1256 2228 1498 2278 provinciam
1517 2238 1576 2280 42

171 2287 383 2327 exercitum
414 2287 576 2328 reduxit.
637 2287 768 2339 itaque
806 2291 841 2329 ei
873 2290 926 2330 ob
963 2304 1023 2330 res
1053 2298 1133 2331 tam
1166 2292 1330 2333 feliciter
1357 2302 1495 2345 gestas,
1520 2312 1536 2334 2

171 2353 270 2392 sicut
305 2352 431 2404 priore
464 2366 570 2392 anno
603 2355 772 2405 populus
810 2355 1106 2396 continuaverat
1145 2360 1405 2407 consulatum,
1446 2360 1499 2399 ita
