1747 2620
827 116 874 152 T.
905 115 1020 152 LIVI

261 227 432 264 tumultu
467 237 557 262 cum
588 223 775 262 omnibus
809 223 945 261 turmis
978 222 1155 273 equitum
1186 228 1344 260 evectus
1379 221 1591 260 summovit

223 302 239 332 5
262 293 428 329 hostem.
501 297 584 327 tum
632 289 670 326 in
716 290 878 327 minime
923 287 1111 338 pertinaci
1151 301 1293 337 genere
1333 300 1488 336 pugnae
1537 286 1591 324 sic

261 358 418 395 fortuna
449 355 620 394 exercuit
646 368 753 405 opes,
781 362 823 393 ut
850 354 1012 404 insignis
1041 353 1239 402 utrimque
1266 354 1398 391 clades
1424 359 1462 391 et
1489 354 1592 391 clara

223 430 242 461 6
261 422 435 472 ipsorum
457 422 605 459 ducum
627 421 760 459 ederet
781 421 926 458 funera.
987 418 1092 468 prior
1110 417 1345 456 Samnitium
1367 417 1590 467 imperator,

260 501 374 537 aegre
401 486 568 537 patiens,
589 499 668 536 quo
695 493 775 523 tam
806 484 985 523 ferociter
1011 483 1277 533 adequitasset
1303 482 1396 521 inde
1417 495 1459 520 se
1479 482 1592 522 fundi

260 552 473 603 fugarique,
511 552 662 590 orando
694 552 971 600 hortandoque
1003 548 1155 599 equites
1190 547 1383 598 proelium
1417 547 1593 595 iteravit3

225 617 300 660 7in
335 631 453 668 quem
488 616 683 666 insignem
723 615 823 653 inter
862 628 953 653 suos
988 614 1158 653 cientem
1198 626 1370 663 pugnam
1410 612 1592 662 magister

260 683 438 733 equitum
474 684 681 720 Romanus
711 681 852 718 infesta
881 680 1045 730 cuspide
1074 678 1128 716 ita
1156 677 1331 728 permisit
1362 690 1520 727 equum,
1549 684 1592 716 ut

260 761 340 786 uno
375 747 454 786 ictu
493 746 714 785 exanimem
755 758 859 795 equo
897 744 1180 795 praecipitaret.
1251 756 1335 791 nec,
1372 750 1415 781 ut
1451 744 1504 790 fit,
1540 744 1591 781 ad

260 814 373 852 ducis
405 826 538 851 casum
571 812 750 862 perculsa
784 810 907 860 magis
942 823 1061 859 quam
1094 808 1237 847 irritata
1267 815 1325 847 est
1355 807 1592 846 multitudo:

224 887 242 917 8
262 892 412 926 omnes,
450 879 516 928 qui
549 877 652 916 circa
683 883 804 923 erant,
837 877 877 913 in
907 875 1082 921 Aulium,
1115 882 1261 913 temere
1290 874 1489 912 invectum
1525 886 1593 923 per

223 964 242 996 9
262 944 436 983 hostium
461 950 619 991 turmas,
644 943 721 980 tela
747 940 1028 988 coniecerunt,
1058 939 1163 978 fratri
1190 939 1445 990 praecipuum
1470 939 1592 976 decus

261 1010 332 1048 ulti
367 1008 603 1048 Samnitium
635 1006 879 1057 imperatoris
913 1007 959 1044 di
983 1006 1188 1044 dederunt.
1248 1004 1280 1042 is
1310 1003 1498 1042 victorem
1529 1005 1593 1042 de-

261 1081 429 1113 tractum
450 1088 496 1112 ex
523 1086 628 1123 equo
649 1071 877 1122 magistrum
899 1070 1077 1121 equitum
1099 1071 1239 1120 plenus
1260 1067 1446 1107 maeroris
1472 1075 1592 1118 atque

260 1140 338 1178 irae
366 1138 575 1178 trucidavit
606 1151 679 1176 nec
704 1137 873 1175 multum
900 1135 1006 1182 afuit,
1031 1135 1127 1185 quin
1155 1148 1319 1185 corpore
1344 1133 1472 1181 etiarn,
1499 1133 1592 1184 quia

202 1204 360 1243 10inter
391 1202 553 1242 hostiles
582 1202 780 1241 ceciderat
810 1208 968 1248 turmas,
1004 1199 1199 1238 Samnites
1232 1198 1460 1249 potirentur.
1522 1200 1591 1237 sed

260 1270 458 1320 extemplo
489 1269 541 1307 ad
572 1269 694 1319 pedes
729 1268 966 1305 descensum
1000 1266 1050 1304 ab
1073 1265 1267 1304 Romanis
1297 1272 1355 1303 est
1385 1264 1592 1314 coactique

260 1338 367 1375 idem
407 1334 603 1374 Samnites
642 1334 780 1371 facere.
854 1339 892 1371 et
924 1330 1128 1381 repentina
1159 1330 1263 1369 acies
1295 1329 1397 1368 circa
1428 1342 1593 1379 corpora

260 1402 408 1440 ducum
442 1400 624 1449 pedestre
659 1397 852 1448 proelium
894 1396 991 1443 iniit,
1026 1409 1106 1446 quo
1138 1396 1245 1434 haud
1281 1394 1401 1433 dubie
1435 1401 1592 1444 superat

262 1468 494 1513 Romanus3
524 1470 877 1514 recuperatumque
898 1461 1004 1500 Aulii
1031 1475 1173 1512 corpus
1199 1461 1319 1499 mixta
1343 1473 1435 1498 cum
1456 1461 1593 1499 dolore

205 1546 237 1567 11
260 1530 407 1570 laetitia
432 1530 598 1569 victores
628 1530 668 1566 in
693 1535 818 1566 castra
848 1528 1029 1566 referunt.
1091 1526 1288 1565 Samnites
1316 1527 1417 1565 duce
1447 1525 1592 1564 amisso

260 1605 298 1636 et
319 1611 388 1647 per
415 1603 596 1646 equestre
618 1601 817 1633 certamen
845 1592 1046 1643 temptatis
1068 1592 1214 1630 viribus
1243 1591 1389 1630 omissa
1409 1591 1592 1638 Saticula,

261 1676 380 1714 quam
401 1660 644 1712 nequiquam
664 1658 825 1699 defendi
847 1659 1042 1706 rebantur,
1065 1659 1116 1696 ad
1138 1657 1320 1696 Plisticae
1341 1656 1591 1696 obsidionem

260 1729 438 1775 redeunt,
468 1728 647 1776 intraque
670 1737 818 1776 paucos
849 1723 932 1762 dies
961 1723 1131 1762 Saticula
1163 1725 1368 1762 Romanus
1390 1736 1459 1774 per
1486 1721 1593 1762 dedi-

260 1795 421 1840 tionem,
445 1791 604 1830 Plistica
624 1804 693 1841 per
712 1790 791 1828 vim
813 1789 968 1829 Samnis
991 1789 1148 1839 potitur.

191 1869 242 1906 23
317 1860 474 1896 Mutata
493 1856 587 1895 inde
608 1856 701 1894 belli
722 1856 836 1894 sedes
853 1861 911 1893 est
926 1869 936 1902 3
960 1855 1012 1893 ad
1033 1856 1170 1892 Soram
1188 1867 1234 1892 ex
1255 1853 1418 1892 Samnio
1434 1853 1592 1903 Apulia-

225 1943 240 1965 2
261 1938 338 1975 que
368 1924 570 1962 traductae
600 1920 785 1972 legiones
846 1921 940 1959 Sora
966 1921 1017 1958 ad
1042 1919 1237 1958 Samnites
1263 1920 1458 1958 defecerat
1479 1919 1593 1957 inter-

261 1989 372 2028 fectis
393 1987 544 2027 colonis
567 1989 853 2025 Romanorum.
913 1999 993 2036 quo
1014 1998 1106 2024 cum
1133 1984 1238 2035 prior
1262 1986 1470 2023 Romanus
1490 1998 1593 2024 exer-

261 2055 360 2093 citus
408 2055 459 2093 ad
507 2052 774 2092 ulciscendam
823 2051 969 2090 civium
1017 2064 1157 2090 necem
1202 2051 1592 2101 recuperandamque

225 2146 242 2176 3
261 2119 459 2159 coloniam
490 2119 642 2168 magnis
672 2116 876 2156 itineribus
911 2115 1153 2167 pervenisset
1187 2121 1223 2153 et
1251 2115 1373 2165 sparsi
1408 2129 1476 2165 per
1511 2115 1591 2154 vias

261 2186 525 2235 speculatores
541 2182 651 2233 sequi
668 2182 843 2232 legiones
859 2181 1094 2220 Samnitium
1109 2194 1182 2219 nec
1199 2180 1276 2219 iam
1297 2181 1433 2230 procul
1453 2180 1592 2218 abesse

220 2268 239 2298 4
260 2251 326 2289 alii
362 2263 476 2299 super
515 2250 611 2287 alios
646 2247 883 2294 nuntiarent,
918 2246 1076 2285 obviam
1116 2247 1213 2284 itum
1250 2245 1354 2284 hosti
1388 2252 1507 2295 atque
1540 2246 1591 2284 ad

261 2317 448 2354 Lautulas
475 2313 637 2364 ancipiti
667 2312 817 2363 proelio
844 2312 1074 2351 dimicatum
1103 2319 1174 2350 est.
1232 2325 1312 2350 non
1333 2312 1486 2357 caedes,
1509 2325 1589 2350 non

259 2384 349 2432 fuga
368 2380 525 2419 alterius
547 2379 677 2429 partis,
700 2379 769 2417 sed
790 2392 868 2417 nox
889 2378 1069 2425 incertos,
1091 2377 1182 2416 victi
1204 2377 1422 2415 victoresne
1444 2384 1587 2423 essent,
