1747 2620
829 101 876 138 T.
908 100 1024 138 LIVI

223 223 240 253 3
261 207 414 258 longius
444 208 636 258 progressi
666 207 841 247 excivere
870 209 1013 247 hostes.
1073 208 1211 259 palatis
1239 221 1306 259 per
1331 221 1444 258 agros
1470 221 1588 247 nemo

260 272 400 310 obvius
448 272 531 320 fuit,
580 285 671 311 cum
720 272 928 312 occidione
970 272 1098 312 occidi
1141 280 1327 323 possent3
1379 274 1588 312 redeuntes

257 336 415 386 agmine
458 336 618 376 incauto
661 338 768 376 haud
811 339 947 387 procul
991 336 1155 376 navibus
1198 337 1375 376 adsecuti
1418 345 1588 388 agrestes

258 409 448 440 exuerunt
475 403 630 452 praeda,
658 409 810 452 partem
835 402 953 442 etiam
984 401 1214 441 occiderunt
1229 417 1240 450 3
1268 415 1369 453 quae
1399 403 1588 453 superfuit

257 466 370 505 caedi
391 466 543 516 trepida
563 466 777 506 multitudo
797 468 847 506 ad
868 480 987 505 naves
1007 468 1214 516 compulsa
1234 474 1302 506 est.

217 544 237 574 4
312 531 510 570 Profectio
525 532 575 580 Q.
592 531 703 570 Fabii
720 539 825 570 trans
840 531 1053 571 Ciminiam
1070 531 1206 570 silvam
1223 538 1416 581 quantum
1433 534 1587 572 Romae

256 603 443 635 terrorem
464 598 619 643 fecerat,
643 604 723 635 tam
743 598 886 635 laetam
917 598 1062 634 famam
1087 596 1127 634 in
1157 596 1361 636 Samnium
1380 599 1432 636 ad
1453 599 1586 637 hostes

257 662 397 700 tulerat
418 661 674 700 interclusum
698 663 925 700 Romanum
947 661 1160 701 exercitum
1182 662 1365 710 obsideri,
1384 662 1586 713 cladisque

218 736 235 766 5
255 725 467 777 imaginem
499 727 668 765 furculas
702 726 902 766 Caudinas
937 727 1234 766 memorabant:
1265 729 1404 767 eadem
1436 728 1588 767 temeri-

254 797 333 829 tate
371 790 528 829 avidam
568 790 795 829 ulteriorum
835 804 990 841 semper
1026 798 1185 841 gentem
1224 791 1264 830 in
1304 793 1424 830 saltus
1460 792 1586 832 invios

254 856 481 903 deductam,
505 863 681 906 saeptam
703 869 784 894 non
806 855 978 895 hostium
1001 856 1122 906 magis
1138 856 1255 895 armis
1272 870 1390 907 quam
1407 858 1585 896 locorum

217 919 528 970 6iniquitatibus
560 934 658 961 esse.
731 920 807 959 iam
842 920 1030 971 gaudium
1063 921 1211 960 invidia
1244 923 1416 972 quadarn
1451 922 1587 961 misce-

255 985 379 1032 batur,
403 986 512 1035 quod
534 985 626 1023 belli
653 985 825 1023 Romani
853 987 975 1024 decus
1001 986 1052 1024 ab
1080 986 1323 1025 Samnitibus
1350 987 1505 1026 fortuna
1535 989 1586 1027 ad

218 1063 234 1097 7
256 1050 443 1087 Etruscos
463 1049 676 1088 avertisset.
736 1050 868 1101 itaque
887 1050 1004 1089 armis
1021 1050 1191 1101 virisque
1207 1052 1257 1090 ad
1279 1050 1583 1101 opprimendum

255 1115 300 1153 C.
326 1114 520 1152 Marcium
551 1116 755 1153 consulem
783 1123 1033 1162 concurrunt,
1063 1115 1240 1166 protinus
1268 1116 1361 1155 inde
1389 1117 1583 1156 Etruriam

252 1192 320 1229 per
351 1180 506 1218 Marsos
536 1193 581 1218 ac
613 1179 780 1218 Sabinos
811 1180 979 1230 petituri,
1009 1180 1040 1218 si
1072 1181 1245 1219 Marcius
1274 1181 1490 1221 dimicandi
1520 1196 1586 1233 po-

213 1250 433 1283 8testatem
473 1257 553 1282 non
592 1244 717 1282 faciat.
779 1245 918 1284 obvius
958 1245 1003 1283 iis
1038 1247 1176 1284 consul
1212 1246 1293 1284 fuit.
1353 1246 1582 1286 dimicatum

251 1307 402 1357 proelio
432 1308 629 1358 utrimque
663 1309 785 1348 atroci
819 1317 938 1360 atque
968 1309 1117 1349 incerto
1147 1318 1289 1349 eventu
1323 1318 1391 1359 est,
1424 1319 1461 1350 et
1492 1325 1582 1350 cum

250 1386 397 1423 anceps
419 1374 561 1412 caedes
582 1373 731 1421 fuisset,
751 1376 938 1414 adversae
960 1382 1092 1413 tamen
1115 1375 1166 1414 rei
1189 1377 1292 1414 fama
1312 1376 1351 1414 in
1378 1378 1583 1416 Romanos

251 1437 364 1476 vertit
399 1438 451 1475 ob
485 1438 651 1477 amissos
685 1440 880 1489 quosdam
916 1440 1108 1490 equestris
1141 1440 1288 1479 ordinis
1323 1441 1582 1492 tribunosque

252 1501 420 1540 militum
441 1510 559 1552 atque
581 1517 705 1541 unum
732 1505 903 1554 legatum
924 1512 973 1552 et,
996 1506 1105 1554 quod
1126 1504 1277 1554 insigne
1304 1505 1470 1545 maxime
1497 1507 1580 1554 fuit,

212 1583 231 1615 9
252 1567 424 1605 consulis
446 1567 568 1617 ipsius
589 1570 743 1607 vulnus.
802 1570 855 1607 ob
875 1570 973 1608 haec
994 1569 1113 1608 etiam
1134 1577 1249 1608 aucta
1270 1572 1383 1618 fama,
1407 1578 1449 1609 ut
1470 1573 1582 1620 solet,

250 1631 386 1681 ingens
417 1639 540 1671 terror
569 1640 697 1683 patres
727 1633 878 1680 invasit,
915 1633 1230 1685 dictatoremque
1265 1634 1343 1674 dici
1377 1637 1582 1686 placebat-3

248 1709 333 1743 nec,
357 1696 453 1747 quin
475 1698 621 1736 Cursor
642 1698 819 1748 Papirius
839 1698 1044 1747 diceretur,
1068 1699 1108 1737 in
1133 1713 1213 1750 quo
1240 1707 1324 1739 tum
1352 1714 1506 1741 summa
1527 1703 1581 1741 rei

192 1775 230 1797 10
248 1760 412 1799 bellicae
433 1762 665 1812 ponebatur,
688 1762 856 1802 dubium
877 1763 1062 1814 cuiquam
1084 1772 1176 1803 erat.
1233 1767 1303 1804 sed
1324 1779 1397 1804 nec
1418 1766 1457 1804 in
1474 1768 1580 1805 Sam-

248 1825 358 1864 nium
402 1827 585 1866 nuntium
626 1828 785 1878 perferri
828 1828 1014 1868 omnibus
1053 1829 1202 1868 infestis
1237 1838 1322 1869 tuto
1356 1844 1472 1880 posse
1505 1846 1579 1871 nec

191 1906 226 1928 11
247 1890 376 1930 vivere
416 1892 612 1930 Marcium
655 1895 859 1932 consulem
903 1894 995 1933 satis
1041 1895 1244 1944 fidebant3
1300 1898 1396 1934 alter
1440 1900 1578 1936 consul

250 1955 395 1994 Fabius
417 1956 580 1996 infestus
600 1957 780 2008 privatim
804 1958 960 2010 Papirio
981 1967 1071 1999 erat.
1132 1974 1235 2010 quae
1261 1975 1311 2000 ne
1332 1961 1386 2000 ira
1406 1962 1578 2002 obstaret

250 2020 355 2058 bono
376 2021 547 2070 publico,
572 2024 719 2072 legatos
741 2038 787 2063 ex
812 2024 1078 2064 consularium
1103 2039 1269 2065 numero
1290 2027 1505 2066 mittendos
1526 2029 1576 2067 ad

191 2096 226 2119 12
247 2097 338 2123 eum
373 2094 531 2126 senatus
566 2088 728 2136 censuit,
763 2090 831 2139 qui
866 2104 936 2129 sua
974 2104 1134 2142 quoque
1168 2105 1273 2140 eum,
1304 2105 1384 2131 non
1419 2093 1577 2143 publica

247 2150 375 2188 solum
414 2151 646 2191 auctoritate
686 2162 898 2203 moverent,
949 2162 991 2194 ut
1039 2156 1270 2195 memoriam
1319 2157 1574 2196 simultatium

190 2229 229 2261 13
248 2216 394 2265 patriae
423 2218 644 2257 remitteret.
703 2221 866 2269 profecti
895 2222 1010 2272 legati
1036 2223 1088 2261 ad
1117 2222 1283 2261 Fabium
1305 2236 1395 2262 cum
1417 2230 1574 2262 senatus

247 2283 471 2321 consultum
489 2283 742 2324 tradidissent
762 2285 1079 2337 adiecissentque
1100 2287 1318 2327 orationem
1340 2288 1574 2328 convenien-

247 2354 326 2385 tem
349 2348 555 2395 mandatis,
581 2351 719 2388 consul
749 2350 931 2390 demissis
962 2352 1001 2391 in
1031 2360 1173 2391 terram
1204 2353 1328 2392 oculis
1358 2353 1497 2392 tacitus
1518 2354 1568 2392 ab
