1747 2620
360 129 428 166 AB
460 127 614 164 VRBF,
647 125 907 163 CONDITA
939 124 1043 161 LIB.
1080 124 1149 160 IX.
1187 123 1315 170 28-30

158 250 263 288 gens,
294 235 403 275 cuius
429 235 479 273 ad
503 246 607 272 aram
636 233 845 270 maximam
880 231 1064 269 Herculis
1093 230 1279 268 familiare
1307 228 1482 266 sacerdo-

158 303 256 342 tium
296 303 428 347 fuerat,
471 312 602 338 servos
642 297 821 348 publicos
870 295 1072 334 ministerii
1119 293 1326 344 delegandi
1366 306 1483 331 causa

158 365 362 406 sollemnia
391 364 474 403 eius
504 363 601 402 sacri
630 364 857 401 docuerant.
916 360 1079 398 traditur
1108 360 1211 406 inde,
1239 359 1347 398 dictu
1375 357 1485 396 mira-
1506 369 1544 391 10

159 432 236 470 bile
257 438 295 470 et
315 431 424 481 quod
448 428 707 469 demovendis
732 434 834 466 statu
862 439 933 464 suo
963 425 1079 464 sacris
1106 424 1333 474 religionem
1358 425 1485 462 facere

159 503 301 548 posset,
337 509 428 534 cum
466 495 680 534 duodecim
714 491 883 530 familiae
918 504 963 529 ea
988 497 1220 540 tempestate
1252 488 1485 526 Potitiorum

159 569 299 608 essent,
327 560 494 611 puberes
524 560 575 597 ad
605 557 771 608 triginta,
794 569 932 594 omnes
960 555 1060 593 intra
1086 567 1234 592 annum
1256 566 1346 590 cum
1369 552 1486 600 stirpe

159 627 399 673 exstincto&
443 638 516 663 nec
551 636 698 662 nomen
737 630 890 660 tantum
930 619 1163 658 Potitiorum
1203 618 1379 656 interisse
1418 617 1487 654 sed
1509 634 1542 655 11

160 705 365 730 censorem
399 690 516 729 etiam
553 688 726 739 Appium
761 686 925 725 memori
964 687 1082 724 deum
1118 684 1172 722 ira
1211 691 1299 733 post
1337 683 1487 732 aliquot

158 770 283 796 annos
304 755 519 794 luminibus
539 761 709 804 captum.
771 752 903 801 itaque
923 752 1115 796 consules,
1138 749 1205 799 qui
1227 762 1316 786 eum
1338 760 1485 785 annum
1506 764 1567 805 30

160 821 283 860 secuti
318 829 420 868 sunt,
457 820 502 859 C.
540 818 677 857 Iunius
714 817 915 855 Bubulcus
947 815 1103 854 tertium
1139 822 1176 853 et
1212 815 1260 862 Q.
1296 812 1487 851 Aemilius

162 887 331 925 Barbula
352 886 504 931 iterum,
534 883 645 922 initio
669 882 762 921 anni
789 881 916 931 questi
943 882 1049 930 apud
1080 881 1271 930 populum
1298 880 1490 917 deforma-

161 961 245 991 tum
275 951 455 991 ordinem
486 963 603 1001 prava
632 948 801 988 lectione
828 954 996 994 senatus,
1029 959 1106 996 qua
1135 945 1306 995 potiores
1340 944 1489 994 aliquot
1512 962 1526 981 2

161 1017 271 1055 lectis
298 1015 493 1066 praeteriti
524 1021 665 1061 essent,
692 1019 930 1062 negaverunt
958 1024 1045 1049 eam
1072 1011 1283 1048 lectionem
1311 1022 1363 1057 se,
1390 1023 1491 1059 quae

163 1082 246 1120 sine
267 1081 360 1120 recti
381 1080 569 1131 pravique
590 1077 814 1118 discrimine
841 1078 891 1115 ad
915 1075 1076 1126 gratiam
1098 1088 1143 1113 ac
1164 1073 1370 1112 libidinem
1391 1075 1492 1112 sacta

163 1154 276 1195 esset,
319 1147 591 1185 observaturos
636 1152 675 1182 et
720 1150 898 1180 senatum
945 1140 1142 1189 extemplo
1189 1139 1405 1177 citaverunt
1445 1152 1492 1176 eo

165 1212 312 1259 ordine,
347 1211 413 1261 qui
445 1218 535 1249 ante
567 1221 749 1248 censores
784 1209 857 1256 Ap.
896 1205 1106 1245 Claudium
1143 1212 1180 1243 et
1213 1205 1257 1243 C.
1296 1203 1490 1242 Plautium

164 1279 299 1316 fuerat.
358 1284 397 1315 et
423 1277 504 1314 duo
528 1273 690 1324 imperia
717 1286 765 1311 eo
790 1284 895 1310 anno
922 1270 1004 1309 dari
1035 1277 1175 1319 coepta
1200 1283 1268 1318 per
1288 1270 1492 1319 populum,
1514 1289 1532 1319 3

166 1351 329 1392 utraque
363 1338 598 1391 pertinentia
631 1339 683 1376 ad
716 1351 798 1376 rem
830 1335 1064 1374 militarem:
1110 1347 1245 1380 unum,
1277 1341 1319 1371 ut
1349 1332 1494 1371 tribuni

166 1407 333 1446 militum
355 1406 438 1445 seni
459 1405 552 1444 deni
577 1406 616 1442 in
648 1411 833 1454 quattuor
853 1401 1026 1452 legiones
1047 1413 1069 1438 a
1090 1401 1239 1450 populo
1261 1406 1494 1446 crearentur,

166 1487 267 1524 quae
301 1480 416 1511 antea
445 1483 634 1521 perquam
669 1468 804 1519 paucis
835 1466 1017 1517 suffragio
1052 1465 1188 1515 populi
1223 1464 1366 1503 relictis
1400 1466 1496 1502 locis

166 1538 402 1577 dictatorum
424 1544 462 1575 et
483 1536 689 1574 consulum
707 1535 828 1572 ferme
843 1533 996 1571 fuerant
1017 1529 1210 1569 beneficia
1227 1544 1237 1577 ,·
1266 1531 1388 1568 tulere
1409 1543 1495 1568 eam

167 1603 409 1654 rogationem
431 1599 577 1639 tribuni
601 1598 732 1649 plebei
763 1600 806 1636 L.
835 1597 990 1644 Atilius,
1014 1597 1059 1636 C.
1087 1595 1261 1634 Marcius
1279 1610 1289 1643 3
1318 1597 1494 1642 alterum,
1515 1610 1535 1640 4

169 1676 211 1706 ut
227 1667 455 1706 duumviros
476 1665 634 1703 navales
655 1662 788 1702 classis
810 1663 1011 1701 ornandae
1037 1660 1353 1709 reficiendaeque
1380 1673 1499 1697 causa

170 1733 275 1772 idem
297 1732 466 1782 populus
486 1730 637 1768 iuberet
656 1743 666 1777 ;
694 1730 792 1767 lator
812 1728 927 1765 huius
944 1725 1046 1777 plebi
1070 1725 1155 1763 sciti
1176 1724 1247 1762 fuit
1270 1726 1326 1762 M.
1351 1724 1498 1763 Decius

170 1797 349 1836 tribunus
370 1795 506 1846 plebis.

227 1861 418 1900 Eiusdem
458 1859 552 1899 anni
591 1873 673 1898 rem
712 1858 821 1897 dictu
860 1870 1019 1907 parvam
1068 1854 1328 1905 praeterirem,
1370 1854 1410 1891 ni
1449 1855 1536 1895 ad5

171 1927 401 1978 religionem
431 1925 514 1964 visa
543 1932 645 1963 esset
677 1922 883 1974 pertinere.
956 1920 1149 1967 tibicines,
1187 1919 1279 1969 quia
1312 1919 1501 1970 prohibiti

172 2007 195 2031 a
232 1991 417 2042 proximis
456 1989 685 2029 censoribus
725 1995 835 2027 erant
873 1987 913 2024 in
951 1987 1050 2025 aede
1090 1985 1195 2024 Iovis
1234 1984 1350 2032 vesci,
1392 1986 1502 2034 quod

173 2058 359 2096 traditum
398 2054 614 2105 antiquitus
653 2060 744 2100 erat,
784 2065 898 2102 aegre
936 2050 1040 2101 passi
1078 2050 1205 2088 Tibur
1236 2063 1316 2088 uno
1345 2049 1502 2100 agmine

175 2121 366 2169 abierunt,
389 2121 490 2159 adeo
520 2127 562 2157 ut
591 2131 710 2157 nemo
739 2117 779 2155 in
809 2117 905 2155 urbe
935 2123 1048 2163 esset,
1077 2115 1145 2165 qui
1172 2114 1369 2153 sacrificiis
1397 2128 1504 2165 prae-

176 2187 334 2226 cineret.
393 2184 476 2223 eius
506 2183 561 2222 rei
590 2182 723 2233 religio
753 2181 879 2220 tenuit
908 2188 1100 2228 senatum,
1123 2181 1352 2230 legatosque
1378 2179 1504 2217 Tibur
1522 2191 1542 2224 6

177 2251 377 2297 miserunt,
409 2256 451 2287 ut
481 2250 619 2287 darent
648 2259 819 2298 operam,
842 2253 885 2284 ut
913 2245 939 2283 ii
969 2245 1150 2284 homines
1179 2244 1370 2283 Romanis
1401 2244 1506 2283 resti-

178 2323 390 2355 tuerentur.
449 2312 648 2351 Tiburtini
678 2311 848 2361 benigne
876 2310 1039 2361 polliciti
1070 2310 1241 2360 primum
1268 2310 1416 2348 accitos
1437 2320 1542 2355 eos7

179 2382 219 2420 in
240 2380 386 2419 curiam
404 2378 546 2417 hortati
563 2384 666 2425 sunt,
687 2376 743 2415 uti
763 2383 1045 2415 reverterentur
1066 2377 1237 2413 Romam
1256 2390 1265 2423 3
1295 2383 1505 2425 postquam
