1747 2620
787 100 831 136 T.
866 100 982 139 LIVI

164 211 202 242 14
222 208 346 250 capta.
404 210 441 240 et
477 204 696 242 Bovianum
737 207 828 245 urbs
862 216 1020 258 postero
1059 210 1123 249 die
1158 220 1297 263 coepta
1336 216 1552 264 oppugnari

222 265 327 303 brevi
367 269 528 316 capitur,
564 282 785 320 magnaque
822 273 944 322 gloria
978 288 1105 313 rerum
1139 284 1335 325 gestarum
1371 281 1554 318 consules

166 330 522 381 15triumpharunt.
594 334 818 374 Minucium
857 340 1074 387 consulem,
1118 353 1208 378 cum
1247 343 1407 381 vulnere
1449 344 1554 394 gravi

222 397 386 435 relatum
422 397 461 436 in
496 406 631 447 castra,
664 409 863 440 mortuum
899 404 1061 453 quidam
1091 413 1271 446 auctores
1301 416 1392 447 sunt
1422 417 1460 448 et
1496 412 1551 448 M.

223 461 406 501 Fulvium
438 464 477 501 in
507 465 638 503 locum
666 465 749 505 eius
777 469 981 507 consulem
1009 471 1228 518 suffectum,
1252 480 1289 510 et
1309 473 1360 512 ab
1381 488 1439 522 eo,
1463 489 1553 513 curn

221 527 272 564 ad
293 527 506 566 exercitum
530 529 683 569 Minuci
706 531 847 570 missus
868 541 981 581 esset,
1007 534 1227 574 Bovianum
1250 546 1419 588 captum.

165 593 203 624 16
277 593 421 630 Eodem
442 607 549 633 anno
571 596 677 642 Sora,
700 596 907 646 Arpinum,
932 599 1130 639 Cesennia
1157 609 1314 652 recepta
1333 604 1384 642 ab
1406 604 1554 642 Samni-

222 656 337 696 tibus.
399 659 584 698 Herculis
606 673 793 710 magnum
815 662 1067 703 simulacrum
1093 664 1132 703 in
1154 666 1353 716 Capitolio
1380 668 1554 718 positum

222 723 543 774 dedicatumque.

144 785 203 827 45
278 789 319 825 P.
353 788 528 838 Sulpicio
558 791 788 830 Saverrione
819 794 859 830 P.
894 794 1128 844 Sempronio
1159 797 1295 846 Sopho
1325 797 1555 837 consulibus

223 853 430 900 Samnites,
454 867 522 892 seu
544 855 663 893 finem
686 869 754 894 seu
775 856 1006 897 dilationem
1028 859 1120 898 belli
1141 870 1384 911 quaerentes,
1408 865 1556 914 legatos

186 932 200 953 2
223 919 273 956 de
303 932 400 968 pace
430 921 603 958 Romam
634 920 783 960 misere.
844 923 987 972 quibus
1017 925 1245 975 suppliciter
1267 927 1475 977 agentibus
1503 943 1557 968 re—

223 996 414 1032 sponsum
445 992 513 1032 est,
547 984 621 1024 nisi
651 1000 768 1036 saepe
803 987 950 1026 bellum
986 997 1168 1039 parantes
1198 1004 1337 1041 pacem
1367 992 1556 1043 petissent

223 1049 430 1097 Samnites,
463 1050 640 1090 oratione
670 1053 772 1091 ultro
803 1054 900 1092 citro
930 1055 1065 1093 habita
1094 1057 1144 1094 de
1176 1069 1273 1106 pace
1303 1057 1461 1108 transigi
1491 1072 1557 1109 po-

223 1113 344 1153 tuisse
358 1129 369 1162 3
393 1128 511 1162 nunc,
529 1117 690 1165 quando
705 1118 823 1156 verba
839 1132 938 1157 vana
951 1120 1002 1158 ad
1017 1119 1056 1158 id
1073 1121 1250 1160 locorum
1268 1123 1420 1170 fuerint,
1439 1123 1556 1162 rebus

185 1191 202 1223 3
224 1180 410 1218 standum
450 1193 546 1219 esse.
619 1183 660 1219 P.
698 1183 976 1232 Sempronium
1016 1187 1221 1225 consulem
1255 1200 1346 1225 cum
1386 1190 1557 1227 exercitu

224 1243 333 1283 brevi
363 1244 403 1282 in
433 1245 595 1285 Samnio
626 1247 707 1285 fore
722 1261 732 1295 ,-
762 1260 864 1295 eum,
894 1250 945 1287 ad
973 1249 1121 1289 bellum
1148 1265 1340 1301 pacemne
1367 1253 1557 1293 inclinent

223 1309 356 1357 animi,
380 1310 459 1348 falli
487 1325 568 1350 non
594 1325 735 1362 posse,
764 1322 966 1364 comperta
987 1315 1121 1354 omnia
1141 1317 1293 1355 senatui
1321 1320 1557 1367 relaturum,

186 1384 204 1415 4
224 1377 486 1417 decedentem
517 1393 563 1417 ex
597 1379 759 1418 Samnio
793 1383 996 1420 consulem
1032 1383 1147 1433 legati
1183 1393 1447 1434 sequerentur.
1508 1401 1556 1425 eo

222 1455 328 1480 anno
357 1456 447 1481 cum
479 1451 662 1494 pacatum
688 1445 892 1484 Samnium
923 1447 1114 1486 exercitus
1145 1450 1355 1488 Romanus
1385 1450 1555 1501 benigne

223 1507 401 1556 praebito
430 1518 656 1548 commeatu
687 1519 939 1561 peragrasset,
968 1513 1108 1551 foedus
1138 1513 1345 1564 antiquum
1377 1516 1557 1554 Samniti>

223 1573 297 1611 bus
318 1573 528 1613 redditum.

185 1654 202 1685 5
277 1639 342 1676 Ad
380 1640 543 1689 Aequos
584 1640 687 1688 inde,
729 1649 878 1680 veteres
918 1643 1061 1691 hostes,
1097 1652 1269 1683 ceterum
1309 1659 1377 1696 per
1412 1647 1561 1686 multos·

223 1716 349 1741 annos
371 1705 444 1742 sub
461 1704 592 1754 specie
613 1704 758 1744 infidae
780 1708 887 1756 pacis
909 1707 1079 1757 quietos,
1100 1723 1209 1748 versa
1228 1724 1336 1748 arma
1359 1713 1554 1759 Romana,

225 1769 334 1818 quod
355 1768 545 1808 incolumi
568 1770 746 1810 Hernico
767 1771 929 1810 nornine
954 1772 1239 1812 missitaverant
1261 1774 1375 1813 simul
1397 1789 1488 1814 cum
1509 1776 1555 1815 iis

186 1837 206 1869 6
228 1834 392 1872 Samniti
422 1835 564 1874 auxilia
593 1843 631 1874 et
660 1844 750 1886 post
781 1837 979 1876 Hernicos
1009 1839 1194 1877 subactos
1224 1839 1405 1879 universa
1433 1854 1556 1891 prope

224 1913 320 1949 gens
355 1899 438 1938 sine
473 1900 787 1940 dissimulatione
822 1902 975 1940 consilii
1006 1903 1154 1953 publici
1189 1905 1239 1942 ad
1273 1905 1407 1943 hostes
1433 1905 1556 1944 desci—

223 1972 357 2013 verat-,-
386 1973 424 2004 et
458 1973 669 2016 postquam
704 1967 783 2006 icto
814 1968 968 2006 Romae
998 1981 1089 2006 cum
1119 1969 1362 2008 Samnitibus
1396 1972 1555 2010 foedere

186 2040 203 2074 7
227 2029 377 2068 fetiales
398 2039 586 2070 venerant
611 2046 671 2070 res
701 2034 921 2083 repetitum,
946 2033 1248 2084 temptationem
1278 2035 1436 2074 aiebant
1457 2050 1553 2084 esse,

223 2103 265 2133 ut
296 2103 439 2134 terrore
469 2096 628 2135 incusso
658 2097 750 2135 belli
782 2099 987 2137 Romanos
1015 2112 1056 2138 se
1084 2099 1167 2138 fieri
1186 2107 1422 2150 paterentur,
1445 2102 1555 2151 quod

223 2168 372 2211 quanto
412 2174 530 2211 opere
569 2163 789 2212 optandum
828 2164 937 2211 foret,
980 2164 1179 2203 Hernicos
1218 2165 1413 2214 docuisse,
1450 2180 1552 2214 cum,

223 2225 367 2275 quibus
387 2225 549 2274 licuerit,
573 2240 662 2265 suas
684 2229 788 2277 leges
811 2229 1018 2268 Romanae
1040 2229 1186 2269 civitati
1213 2231 1527 2282 praeoptaverint
1544 2246 1554 2279 3

184 2299 202 2330 8
223 2291 368 2341 quibus
398 2292 566 2341 legendi,
598 2292 694 2342 quid
722 2294 896 2341 mallent,
926 2294 1041 2345 copia
1065 2309 1147 2334 non
1171 2296 1296 2343 fuerit,
1329 2310 1400 2347 pro
1421 2310 1550 2347 poena

224 2356 484 2396 necessariam
524 2356 721 2396 civitatem
761 2360 855 2397 fore.
916 2360 968 2397 ob
1008 2361 1105 2399 haec
1139 2362 1256 2410 vulgo
1295 2361 1334 2399 in
1374 2361 1551 2400 conciliis

184 2435 202 2466 9
223 2421 365 2461 iactata
385 2424 555 2472 populus
578 2424 783 2462 Romanus
805 2424 953 2462 bellum
974 2425 1054 2463 fieri
1077 2425 1227 2475 Aequis
1248 2426 1357 2464 iussit
1372 2441 1382 2474 3
1411 2440 1549 2465 consu-
