1747 2620
361 135 432 171 AB
463 134 612 171 VRBE
643 132 902 171 CONmTA
933 131 1035 167 LIB.
1070 129 1139 166 IX.
1174 127 1304 176 34-36

165 254 289 292 nuper
336 241 442 279 fuere
485 238 710 278 Germanici
754 239 886 283 saltus,
937 235 1033 274 nulli
1072 236 1122 274 ad
1166 247 1252 273 eam
1297 232 1404 271 diem
1444 243 1493 268 ne

166 313 424 346 mercatorum
463 304 625 355 quidem
658 304 774 342 adita.
845 315 932 340 eam
965 301 1107 338 intrare
1142 300 1248 338 haud
1280 299 1359 337 fere
1394 295 1495 347 quis-

166 385 284 422 quam
336 377 487 421 praeter
550 371 694 408 ducem
743 368 871 418 ipsum
919 366 1092 404 audebat
1108 380 1117 412 ,·
1175 364 1259 403 aliis
1308 361 1494 402 omnibus

165 435 287 475 cladis
326 434 530 475 Caudinae
569 435 748 473 nondum
793 431 982 471 memoria
1020 430 1254 469 aboleverat.
1326 435 1409 466 tum
1449 437 1530 464 ex2

165 500 226 548 iis,
249 500 317 550 qui
343 501 516 547 aderant,
540 498 712 538 consulis
733 499 848 536 frater
877 498 933 535 M.
964 494 1390 534 Fabius—Caesonem
1418 491 1494 538 alii,

167 566 212 605 C.
236 564 448 604 Claudium
475 564 648 614 quidam,
673 570 795 601 matre
815 563 956 601 eadem
977 573 1055 610 qua
1079 560 1284 598 consulem
1305 556 1494 607 genitum,

167 630 627 679 tradunt—speculatum
660 641 701 666 se
735 627 880 665 iturum
915 626 1112 675 professus
1143 622 1330 672 brevique
1363 619 1497 659 onmia

167 702 272 733 certa
299 695 532 733 adlaturum.
593 694 718 732 Caere
745 693 935 731 educatus
965 691 1071 740 apud
1102 687 1292 738 hospites,
1323 684 1498 724 Etruscis
1518 704 1535 734 3

168 759 260 798 inde
308 758 442 797 litteris
490 758 664 796 eruditus
712 764 793 796 erat
833 756 1085 806 linguamque
1127 754 1333 791 Etruscam
1377 750 1499 801 probe

169 831 339 862 noverat.
411 823 540 861 habeo
583 829 762 861 auctores
807 822 922 871 vulgo
965 827 1049 858 tum
1094 820 1299 856 Romanos
1343 828 1496 866 puerOS‚

169 889 269 928 sicut
295 902 402 927 nunc
427 888 598 935 Graecis,
622 888 676 926 ita
703 886 877 926 Etruscis
903 885 1038 924 litteris
1067 883 1210 923 erudiri
1238 882 1400 929 solitos,
1430 881 1500 919 sed
1518 896 1535 924 4

169 953 329 1005 propius
351 961 408 992 est
429 967 519 992 vero
541 952 796 1004 praecipuum
816 951 966 1001 aliquid
987 951 1105 989 fuisse
1127 949 1166 987 in
1187 962 1246 996 eo,
1270 947 1336 998 qui
1358 960 1399 985 se
1421 953 1500 984 tam

171 1019 311 1058 audaci
336 1018 585 1058 simulatione
615 1018 796 1057 hostibus
817 1015 1083 1055 immiscuerit.
1143 1027 1275 1053 servus
1296 1012 1331 1051 ei
1358 1011 1501 1051 dicitur

172 1097 305 1123 comes
326 1098 427 1122 unus
448 1083 578 1131 fuisse,
600 1083 767 1122 nutritus
789 1096 867 1120 una
887 1094 1015 1131 eoque
1040 1081 1147 1118 haud
1168 1079 1323 1129 ignarus
1344 1076 1500 1126 linguae

173 1149 376 1196 eiusdem,
414 1163 487 1188 nec
526 1148 739 1199 quicquam
772 1147 879 1186 aliud
919 1145 1211 1197 proficiscentes
1246 1155 1364 1193 quam
1400 1154 1502 1179 sum-
1520 1161 1538 1194 5

174 1214 309 1252 matini
349 1213 528 1264 regionis,
565 1226 667 1263 quae
701 1212 884 1250 intranda
914 1218 1005 1257 erat,
1042 1217 1221 1248 naturam
1259 1221 1305 1246 ac
1340 1205 1502 1245 nomina

174 1278 396 1328 principum
435 1278 474 1316 in
513 1277 669 1327 populis
707 1290 909 1327 accepere,
948 1289 997 1314 ne
1036 1288 1114 1324 qua
1152 1273 1252 1311 inter
1290 1270 1503 1321 conloquia

173 1344 315 1394 insigni
349 1351 443 1383 nota
476 1343 713 1382 haesitantes
749 1342 940 1392 deprendi
975 1347 1147 1390 possent.
1207 1338 1284 1377 iere
1319 1335 1542 1387 pastorali6

175 1409 323 1456 habitu,
340 1408 557 1459 agrestibus
578 1407 675 1455 telis,
697 1406 862 1445 falcibus
877 1405 1083 1456 gaesisque
1104 1402 1217 1449 binis,
1233 1401 1384 1440 armati.
1434 1401 1504 1438 sed

175 1487 304 1524 neque
334 1472 615 1513 commercium
646 1471 802 1522 linguae
827 1484 900 1510 nec
925 1469 1042 1509 vestis
1069 1480 1316 1507 armorumve
1347 1464 1505 1504 habitus

176 1539 231 1578 sic
262 1552 330 1578 eos
363 1538 468 1585 texit,
505 1551 624 1588 quam
656 1538 765 1588 quod
797 1535 1034 1575 abhorrebat
1067 1534 1117 1572 ab
1152 1534 1232 1572 fide
1263 1543 1505 1582 quemquam

177 1612 379 1643 externum
407 1603 601 1643 Ciminios
626 1604 746 1641 saltus
771 1601 1014 1640 intraturum.
1074 1611 1199 1648 usque
1226 1598 1278 1636 ad
1303 1598 1506 1636 Camertes
1528 1610 1544 1644 7

180 1669 354 1709 Umbros
380 1676 604 1719 penetrasse
631 1667 826 1707 dicuntur.
885 1665 954 1714 ibi,
973 1664 1041 1715 qui
1061 1670 1202 1710 essent,
1225 1661 1335 1701 fateri
1364 1663 1509 1700 Roma-

179 1747 275 1772 num
313 1747 452 1772 ausum
487 1733 837 1782 introductumque
876 1730 916 1768 in
955 1736 1136 1768 senatum
1175 1726 1347 1766 consulis
1379 1725 1508 1764 verbis

179 1799 304 1849 egisse
335 1800 386 1837 de
419 1797 606 1837 societate
639 1796 890 1846 amicitiaque
923 1801 1042 1844 atque
1072 1793 1165 1831 inde
1197 1791 1301 1830 comi
1335 1789 1507 1841 hospitio

179 1871 387 1914 acceptum
412 1862 591 1902 nuntiare
625 1861 817 1901 Romanis
843 1861 1004 1907 iussum,
1027 1865 1294 1897 commeatum
1323 1855 1508 1896 exercitui
1527 1864 1546 1894 8

181 1929 333 1968 dierum
363 1929 518 1979 triginta
545 1935 701 1979 praesto
730 1929 825 1973 fore,
855 1926 886 1964 si
917 1939 962 1964 ea
995 1926 1083 1963 loca
1112 1923 1303 1969 intrasset,
1334 1923 1510 1960 iuventu-

183 2002 342 2043 temque
377 1995 620 2033 Camertium
645 1993 889 2032 Umbrorum
924 1990 964 2028 in
995 1988 1112 2028 armis
1140 1995 1315 2038 paratam
1344 1986 1509 2036 imperio

184 2061 364 2098 futuram.
423 2060 521 2097 haec
559 2072 649 2097 cum
689 2059 808 2096 relata
847 2055 999 2095 consuli
1039 2061 1181 2101 essent,
1215 2050 1546 2103 impedimentis9

184 2124 309 2175 prima
342 2123 471 2174 vigilia
503 2122 738 2174 praemissis,
769 2120 988 2172 legionibus
1019 2127 1108 2170 post
1140 2118 1425 2169 impedimenta
1456 2116 1510 2155 ire

185 2189 298 2228 iussis
328 2189 411 2239 ipse
441 2188 613 2234 substitit
642 2201 732 2227 cum
762 2186 937 2237 equitatu
963 2193 1000 2225 et
1030 2187 1117 2223 luce
1146 2191 1231 2223 orta
1260 2190 1417 2234 postero
1446 2181 1510 2221 die
1531 2201 1569 2222 10

186 2254 429 2304 obequitavit
468 2253 701 2292 stationibus
740 2251 925 2298 hostium,
967 2264 1068 2301 quae
1111 2256 1217 2288 extra
1256 2249 1398 2287 saltum
1438 2246 1512 2285 dis-

186 2319 337 2369 positae
363 2326 473 2357 erant
488 2333 497 2366 3
526 2325 674 2357 etcum
705 2317 797 2356 satis
821 2316 889 2355 diu
920 2316 1107 2354 tenuisset
1135 2315 1302 2360 hostem,
1324 2312 1364 2350 in
1388 2319 1513 2351 castra

188 2398 273 2423 sese
307 2383 452 2433 recepit
484 2390 674 2433 portaque
708 2384 836 2421 altera·
857 2393 1033 2430 egressus
1063 2386 1154 2418 ante
1183 2385 1342 2417 noctem
1372 2389 1513 2426 agmen
