1747 2620
352 148 423 185 AB
456 147 606 186 VRBE
638 147 896 187 CONDITA
928 150 1031 187 LIB.
1066 151 1135 188 IX.
1168 152 1298 200 36—38

162 267 242 304 quo
270 254 425 293 animus
456 254 622 293 militum
648 256 901 294 multitudine
931 257 1083 296 territus
1114 258 1404 306 restitueretur3
1437 264 1487 306 et,

161 320 269 368 quod
294 319 377 357 sine
406 319 653 359 munimento
678 321 949 369 consederant,
977 322 1055 360 veri
1085 322 1248 360 similius
1273 329 1353 361 erat
1377 323 1486 372 quod

157 384 423 422 simulabatur.
498 385 620 424 curati
652 385 742 424 cibo
781 398 945 435 corpora
983 385 1105 435 quieti
1143 388 1239 425 dant
1277 394 1314 424 et
1349 394 1486 436 quarta

156 449 234 486 fere
267 448 396 498 vigilia
427 448 510 488 sine
544 452 715 488 tumultu
747 450 901 489 excitati
931 463 1038 488 arma
1067 452 1237 501 capiunt.
1298 452 1484 489 dolabrae
1503 462 1522 493 8

156 513 360 550 calonibus
409 513 637 553 dividuntur
678 516 729 553 ad
772 516 917 552 vallum
964 516 1232 564 proruendum
1281 517 1484 565 fossasque

156 576 389 627 implendas.
448 578 548 617 intra
600 579 845 618 munimenta
893 579 1094 618 instruitur
1146 579 1260 627 acies,
1308 582 1485 619 delectae

154 643 335 680 cohortes
356 644 406 681 ad
427 651 625 693 portarum
648 644 772 682 exitus
789 646 1055 683 conlocantur.
1097 646 1190 683 dato
1211 645 1356 683 deinde
1372 644 1483 695 signo
1501 660 1521 691 9

153 709 271 756 paulo
302 715 393 746 ante
423 709 564 755 lucem,
593 710 701 758 quod
731 709 887 747 aestivis
920 709 1103 748 noctibus
1134 708 1284 759 sopitae
1314 709 1484 748 maxime

152 771 293 821 quietis
319 780 474 822 tempus
496 781 563 819 est,
587 780 747 823 proruto
764 775 865 812 vallo
886 774 1012 824 erupit
1032 774 1146 821 acies,
1171 782 1310 813 stratos
1337 774 1482 825 passim

151 835 300 875 invadit
320 837 453 876 hostes
469 852 479 885 3
507 837 604 875 alios
626 837 860 886 immobiles,
883 839 980 878 alios
1006 839 1266 878 semisomnos
1289 839 1328 877 in
1350 839 1485 878 cubili-

154 901 226 939 bus
264 901 355 949 suis,
389 901 599 940 maximam
634 909 785 952 partem
823 904 874 942 ad
912 917 1020 942 arma
1060 903 1299 954 trepidantes
1339 905 1482 943 caedes

152 965 343 1016 oppressit
360 979 368 1013 ;
399 966 534 1017 paucis
554 967 732 1006 armandi
759 981 801 1006 se
821 969 957 1007 datum
979 968 1148 1019 spatium
1174 976 1256 1017 est5
1286 982 1353 1007 eos
1375 970 1480 1018 ipsos
1501 982 1540 1006 10

152 1043 232 1068 non
259 1029 412 1080 signum
434 1038 595 1079 certum,
618 1045 699 1070 non
720 1034 863 1071 ducem
889 1040 1098 1083 sequentes
1118 1032 1248 1071 fundit
1274 1033 1480 1072 Romanus

151 1096 383 1145 fugatosque
410 1095 664 1145 persequitur.
724 1098 774 1135 ad
799 1103 934 1143 castra,
956 1098 1007 1136 ad
1037 1097 1151 1135 silvas
1178 1097 1320 1136 diversi
1347 1099 1482 1136 tende-

152 1160 256 1198 bant.
316 1160 435 1199 silvae
455 1160 575 1199 tutius
597 1162 741 1200 dedere
762 1162 977 1212 refugium5
1008 1175 1099 1200 nam
1125 1169 1250 1201 castra
1270 1162 1309 1200 in
1330 1163 1480 1213 campis

152 1224 224 1262 sita
262 1226 404 1264 eodem
444 1225 508 1264 die
547 1225 765 1276 capiuntur.
837 1240 975 1265 aurum
1014 1235 1298 1277 argentumque
1332 1227 1480 1266 iussum

150 1290 279 1328 referri
309 1291 359 1329 ad
387 1292 589 1329 consulem
605 1305 615 1339 3
645 1298 773 1330 cetera
799 1292 944 1342 praeda
974 1291 1105 1330 militis
1133 1292 1214 1330 fuit.
1274 1305 1388 1331 caesa
1413 1300 1480 1331 aut
1503 1307 1538 1330 11

151 1362 265 1404 capta
286 1367 334 1393 eo
354 1354 418 1393 die
443 1354 615 1393 hostium
645 1355 750 1394 milia
777 1357 827 1394 ad
848 1356 1057 1406 sexaginta.
1117 1369 1204 1394 eam
1235 1363 1315 1394 tam
1336 1358 1480 1395 claram

151 1432 322 1469 pugnarn
364 1427 469 1457 trans
509 1418 721 1458 Ciminiam
762 1420 898 1458 silvam
937 1421 987 1459 ad
1028 1420 1229 1459 Perusiam
1265 1427 1480 1471 pugnatam

150 1484 312 1534 quidam
340 1491 519 1522 auctores
547 1492 637 1522 sunt
663 1492 850 1534 metuque
881 1485 921 1523 in
947 1498 1090 1535 magno
1120 1485 1319 1524 civitatem
1347 1485 1477 1532 fuisse,

150 1562 200 1587 ne
234 1548 466 1587 interclusus
494 1548 684 1587 exercitus
714 1556 794 1587 tam
824 1549 967 1588 infesto
997 1551 1097 1588 saltu
1127 1549 1271 1588 coortis
1301 1550 1479 1600 undique

150 1613 290 1652 Tuscis
307 1613 551 1662 Umbrisque
568 1613 863 1663 opprimeretur.
908 1615 977 1652 sed
999 1614 1240 1664 ubicumque
1260 1621 1477 1664 pugnatum
1499 1631 1535 1655 12

150 1686 219 1726 est,
242 1691 301 1717 res
324 1680 506 1717 Romana
531 1678 706 1728 superior
726 1678 807 1716 fuit.
867 1678 1000 1728 itaque
1020 1692 1042 1716 a
1064 1679 1223 1717 Perusia
1244 1686 1282 1718 et
1303 1679 1479 1718 Cortona

98 1773 109 1781 .
151 1752 190 1783 et
229 1744 394 1791 Arretio,
440 1757 542 1794 quae
590 1745 710 1782 ferme
758 1743 886 1794 capita
930 1745 1109 1782 Etruriae
1152 1745 1389 1794 populorum
1433 1757 1478 1782 ea

149 1815 382 1859 tempestate
423 1815 543 1855 erant,
584 1808 699 1858 legati
743 1821 882 1858 pacem
926 1809 1147 1858 foedusque
1189 1808 1241 1846 ab
1285 1808 1478 1846 Romanis

150 1880 307 1923 petente
356 1872 528 1911 indutias
558 1871 597 1909 in
627 1871 783 1922 triginta
812 1885 937 1910 annos
968 1871 1283 1921 impetraverunt.

206 1939 312 1976 Dum
341 1937 438 1975 haec
465 1936 505 1974 in
536 1936 690 1975 Etruria
713 1944 908 1986 geruntur,
932 1937 1071 1975 consul
1100 1938 1196 1975 alter
1223 1937 1268 1976 C.
1301 1935 1475 1975 Marcius
1493 1936 1551 1988 38

151 2001 307 2040 Rutilus
328 2001 465 2039 Allifas
491 2002 542 2040 de
572 2000 813 2039 Samnitibus
834 2000 871 2038 vi
901 2000 1015 2050 cepit.
1074 2002 1197 2039 multa
1216 2000 1291 2039 alia
1318 2003 1477 2040 castella

149 2067 303 2116 vicique
319 2073 385 2104 aut
405 2066 535 2104 deleta
550 2064 742 2104 hostiliter
761 2072 828 2103 aut
843 2065 992 2115 integra
1013 2065 1052 2103 in
1073 2073 1309 2116 potestatem
1322 2079 1477 2105 venere.

149 2145 218 2182 per
244 2131 350 2169 idern
381 2137 537 2180 tempus
563 2137 600 2168 et
624 2129 758 2168 classis
786 2131 970 2169 Romana
998 2144 1021 2169 a
1052 2132 1093 2169 P.
1126 2130 1324 2178 Cornelio,
1356 2144 1476 2181 quem
1496 2147 1512 2169 2

151 2204 309 2235 senatus
347 2194 565 2233 maritimae
603 2208 695 2233 orae
728 2196 977 2245 praefecerat,
1014 2195 1054 2233 in
1089 2195 1351 2246 Campaniam
1388 2203 1477 2234 acta

150 2275 240 2300 curn
260 2261 425 2311 appulsa
446 2259 658 2309 Pompeios
682 2266 794 2306 esset,
820 2259 916 2299 socii
936 2259 1029 2299 inde
1053 2262 1210 2300 navales
1230 2262 1282 2299 ad
1301 2262 1477 2311 depopu-

150 2327 313 2365 landum
329 2337 465 2375 agrum
485 2323 729 2363 Nucerinum
751 2324 925 2374 profecti,
948 2324 1133 2375 proximis
1149 2325 1289 2376 raptim
1305 2324 1474 2371 vastatis,

152 2392 259 2429 unde
279 2389 426 2428 reditus
451 2396 557 2427 tutus
576 2390 627 2428 ad
648 2401 766 2427 naves
791 2396 902 2436 esset,
926 2389 1147 2436 dulcedine,
1171 2396 1213 2428 ut
1233 2391 1286 2437 fit,
1309 2391 1477 2439 praedae

209 2468 271 2485 Lrvx·
288 2467 315 2484 rx
1368 2450 1388 2473 E
