1747 2620
340 143 410 179 AB
441 141 592 178 VRBE
623 139 882 178 CONDITA
912 138 1016 174 LIB.
1049 137 1120 174 IX.
1156 138 1282 182 14-16

149 264 236 301 que,
278 263 378 300 quae
412 250 462 287 ad
502 246 698 288 Caudium
744 245 887 284 amissa
929 252 1048 291 erant,
1097 251 1144 290 et,
1195 244 1304 294 quod
1343 241 1477 280 omnia

149 315 356 365 superabat
375 313 528 364 gaudia,
553 312 750 363 equitibus
781 310 1026 361 recuperatis,
1051 323 1150 360 quos
1177 309 1340 360 pignora
1369 307 1476 359 pacis

148 380 430 419 custodiendos
471 378 676 417 Luceriam
712 376 906 416 Samnites
945 376 1145 414 dederant.
1217 376 1323 413 haud
1356 376 1514 412 ferme8

148 445 224 483 alia
248 444 466 483 mutatione
492 442 621 482 subita
645 455 772 481 rerum
801 440 939 479 clarior
959 439 1121 478 victoria
1140 438 1277 489 populi
1306 437 1477 477 Romani

149 518 216 558 est,
240 509 271 548 si
293 509 453 560 quidem
475 508 603 554 etiam,
627 508 736 558 quod
757 505 995 556 quibusdam
1017 504 1057 542 in
1077 503 1285 542 annalibus
1306 503 1476 550 invenio,

149 574 324 622 Pontius,
354 573 547 613 Herennii
578 572 690 620 filius,
721 570 957 610 Samnitium
988 569 1208 620 imperator,
1236 575 1278 606 ut
1308 567 1479 618 expiaret

147 641 355 679 consulum
385 637 653 689 ignominiam,
684 636 757 675 sub
787 635 922 686 iugum
952 648 1043 673 cum
1071 633 1210 672 ceteris
1240 640 1299 671 est
1324 632 1476 671 missus.

147 713 320 745 ceterum
350 704 390 743 id
421 703 549 742 minus
575 702 705 750 miror,
735 701 949 740 obscurum
977 713 1062 739 esse
1091 700 1142 738 de
1172 697 1347 737 hostium
1377 699 1515 744 duce9

148 770 284 810 dedito
312 769 511 819 missoque
527 783 536 816 3
575 767 615 807 id
641 766 762 818 magis
790 765 967 804 mirabile
995 772 1064 812 est,
1092 763 1250 814 ambigi,
1280 762 1478 801 Luciusne

149 835 355 875 Cornelius
376 834 544 873 dictator
563 846 653 872 cum
676 834 718 870 L.
739 830 895 882 Papirio
913 832 1082 870 Cursore
1103 830 1287 879 magistro
1301 827 1477 878 equitum

148 914 211 939 eas
234 914 293 939 res
314 901 365 939 ad
386 898 583 939 Caudium
612 906 730 948 atque
758 897 850 936 inde
881 895 1088 935 Luceriam
1118 893 1278 945 gesserit
1299 895 1480 943 ultorque
1502 906 1540 927 10

148 965 287 1004 unicus
328 967 535 1003 Romanae
578 961 817 1014 ignominiae
856 962 964 1000 haud
1007 961 1127 999 sciam
1170 973 1221 997 an
1266 957 1479 997 iustissimo

149 1030 348 1080 triumpho
382 1031 432 1068 ad
471 1042 558 1067 eam
597 1034 766 1066 aetatem
807 1027 1026 1065 secundum
1067 1023 1226 1063 Furium
1267 1022 1479 1063 Camillum

148 1094 454 1145 triumphaverit,
472 1108 521 1132 an
544 1094 752 1132 consulum
770 1090 994 1142 Papiriique
1016 1089 1274 1140 praecipuum
1297 1088 1337 1127 id
1358 1089 1480 1126 decus

150 1159 208 1198 sit.
278 1159 452 1209 sequitur
479 1160 584 1196 hunc
612 1170 780 1196 errorem
805 1156 903 1194 alius
931 1169 1045 1203 error,
1074 1156 1272 1195 Cursorne
1303 1151 1480 1203 Papirius
1503 1162 1536 1183 11

149 1224 334 1274 proximis
364 1223 532 1263 comitiis
561 1236 650 1262 cum
683 1224 731 1271 Q.
758 1221 877 1260 Aulio
906 1222 1120 1261 Cerretano
1150 1219 1290 1257 iterum
1321 1218 1373 1257 ob
1398 1230 1479 1256 rem

148 1290 250 1328 bene
270 1296 419 1340 gestam
443 1288 630 1327 Luceriae
651 1286 882 1326 continuato
911 1285 1136 1336 magistratu
1159 1285 1297 1323 consul
1322 1282 1479 1321 tertium

148 1362 300 1393 creatus
339 1354 396 1401 sit,
434 1367 484 1392 an
517 1355 559 1391 L.
598 1351 774 1403 Papirius
811 1350 1050 1401 Mugilanus,
1087 1357 1125 1388 et
1164 1349 1204 1387 in
1242 1347 1481 1398 cognomine

149 1428 318 1469 erratum
344 1419 402 1458 sit.

204 1485 401 1525 Convenit
435 1484 512 1523 iam
547 1484 639 1523 inde
673 1497 741 1534 per
771 1484 954 1522 consules
987 1480 1136 1531 reliqua
1169 1479 1262 1519 belli
1297 1480 1478 1529 perfecta.
1500 1475 1546 1512 16

148 1550 288 1589 Aulius
336 1564 426 1589 cum
477 1549 680 1589 Frentanis
723 1562 805 1587 uno
851 1548 1029 1587 secundo
1074 1545 1224 1596 proelio
1270 1543 1482 1583 debellavit

148 1616 367 1666 urbemque
400 1615 538 1666 ipsam,
569 1628 649 1665 quo
680 1628 721 1653 se
753 1615 840 1652 fusa
869 1614 1088 1652 contulerat
1122 1610 1238 1657 acies,
1273 1609 1481 1648 obsidibus

150 1681 347 1732 imperatis
371 1680 411 1718 in
441 1679 684 1719 deditionem
712 1677 877 1728 accepit.
937 1676 1019 1727 pari
1044 1677 1199 1715 fortuna
1226 1676 1364 1714 consul
1384 1675 1481 1712 alter
1502 1691 1516 1712 2

150 1760 240 1784 cum
268 1745 487 1793 Satricanis,
517 1744 585 1795 qui
614 1744 717 1783 cives
749 1743 923 1782 Romani
953 1750 1041 1793 post
1072 1740 1295 1782 Caudinam
1326 1741 1480 1779 cladem

149 1813 199 1850 ad
233 1810 427 1850 Samnites
466 1811 691 1849 defecerant
730 1808 1049 1859 praesidiumque
1088 1819 1224 1846 eorum
1263 1804 1303 1843 in
1342 1805 1480 1844 urbem

149 1883 392 1927 acceperant,
428 1889 509 1914 rem
540 1874 668 1925 gessit.
729 1887 820 1912 nam
854 1886 946 1911 cum
975 1873 1027 1911 ad
1062 1870 1220 1911 moenia
1251 1869 1388 1909 Satrici
1417 1871 1483 1909 ad·
1502 1879 1518 1910 3

150 1949 280 1980 motus
320 1948 422 1980 esset
470 1939 660 1978 exercitus
698 1938 916 1989 legatisque
955 1936 1083 1975 missis
1122 1937 1173 1975 ad
1212 1948 1350 1987 pacem
1390 1949 1481 1974 cum

149 2006 330 2056 precibus
361 2006 574 2056 petendam
604 2003 712 2042 triste
741 2016 975 2053 responsum
1005 2002 1056 2040 ab
1086 2002 1249 2040 consule
1283 1999 1482 2039 redditum

151 2078 264 2117 esset,
292 2070 367 2108 nisi
394 2068 589 2120 praesidio
614 2067 850 2107 Samnitium
879 2060 1085 2105 interfecto
1106 2073 1173 2104 aut
1197 2064 1340 2104 tradito
1361 2078 1411 2103 ne
1431 2066 1482 2104 ad

150 2149 192 2174 se
230 2142 457 2182 remearent,
498 2135 586 2185 plus
625 2147 671 2172 ea
709 2146 806 2172 voce
847 2145 966 2182 quam
1006 2131 1123 2171 armis
1162 2130 1292 2169 inlatis
1327 2130 1482 2169 terroris

151 2200 302 2239 colonis
333 2200 532 2239 iniectum.
602 2199 735 2249 itaque
774 2197 942 2237 subinde
980 2203 1215 2236 exsecuntur
1253 2197 1520 2246 quaerendo4

150 2281 173 2305 a
199 2267 361 2305 consule
388 2264 513 2315 legati,
543 2278 717 2314 quonam
745 2277 786 2302 se
813 2270 929 2314 pacto
957 2275 1105 2313 paucos
1134 2269 1172 2300 et
1199 2261 1374 2299 infirmos
1404 2275 1483 2299 cre-

151 2335 260 2372 deret
291 2332 486 2384 praesidio
520 2339 599 2370 tarn
631 2330 761 2370 valido
793 2337 831 2369 et
862 2337 1013 2369 armato
1048 2329 1126 2367 vim
1160 2329 1370 2367 adlaturos.
1429 2329 1480 2367 ab

150 2400 290 2439 iisdem
313 2398 520 2438 consilium
542 2405 673 2448 petere
694 2396 797 2445 iussi,
821 2397 964 2447 quibus
991 2395 1216 2434 auctoribus
1238 2393 1476 2444 praesidium
