1747 2620
776 104 820 140 T.
855 101 971 140 LIVI

213 213 263 251 ad
285 210 443 250 moenia
467 217 580 258 esset,
614 209 748 248 omnia
771 209 1044 248 aedificia—et
1072 210 1294 258 frequenter
1321 207 1375 246 ibi
1396 207 1543 245 habita-

214 274 636 316 batur—circumiecta
657 274 776 313 muris
797 274 973 313 incendit
987 289 998 322 ,-
1027 287 1099 312 nec
1121 273 1174 312 ita
1195 275 1320 311 multo
1340 280 1439 323 post,
1464 271 1544 310 sive

213 356 235 381 a
257 341 434 380 Poetelio
455 340 646 380 dictatore
674 340 754 379 sive
780 341 831 379 ab
859 341 904 380 C.
927 339 1043 378 Iunio
1068 340 1378 378 consule—nam
1400 345 1545 377 utrum-

175 411 194 442 6
215 420 291 457 que
326 405 554 454 traditur—,
587 407 692 445 Nola
721 413 779 444 est
808 412 933 456 capta.
992 405 1060 455 qui
1089 411 1227 454 captae
1261 405 1382 443 decus
1417 404 1545 441 Nolae

215 474 266 511 ad
305 474 510 511 consulem
549 473 718 519 trahunt,
760 471 936 510 adiciunt
975 470 1137 508 Atinam
1182 477 1220 508 et
1260 468 1452 509 Calatiam
1493 468 1544 506 ab

214 539 356 576 eodem
378 545 522 587 captas,
546 537 766 575 Poetelium
787 544 918 575 autem
940 534 1162 586 pestilentia
1183 541 1265 572 orta
1286 533 1384 572 clavi
1400 534 1545 583 figendi

215 616 333 641 causa
353 602 583 641 dictatorem
606 601 768 640 dictum.

179 675 196 710 7
271 669 412 706 Suessa
442 675 480 706 et
510 667 674 705 Pontiae
704 667 847 705 eodem
878 678 983 703 anno
1014 663 1193 702 coloniae
1220 665 1415 702 deductae
1444 671 1543 701 sunt.

217 734 359 772 Suessa
386 735 664 771 Auruncorum
692 733 842 779 fuerat,
876 732 1011 770 Volsci
1043 729 1214 777 Pontias,
1244 729 1411 767 insulam
1433 729 1546 766 sitam

180 804 197 833 8
217 799 256 837 in
278 805 495 849 conspectu
516 797 638 836 litoris
659 797 729 844 sui,
753 797 1010 835 incoluerant.
1068 802 1105 834 et
1124 797 1391 833 Interamnam
1409 795 1547 832 Succa-

217 864 343 902 sinam
364 871 406 902 ut
427 864 688 902 deduceretur
715 861 882 909 colonia,
906 860 1030 900 senati
1057 862 1282 899 consultum
1304 861 1450 898 factum
1471 867 1529 897 est
1537 874 1547 907 3

217 930 287 968 sed
308 928 529 967 triumviros
551 941 729 967 creavere
749 941 796 966 ac
816 927 956 966 misere
977 928 1209 965 colonorum
1231 932 1415 975 quattuor
1443 924 1548 963 milia

218 994 471 1044 insequentes
492 995 674 1032 consules
697 995 752 1031 M.
777 992 966 1040 Valerius,
989 994 1029 1030 P.
1055 991 1214 1030 DeciuS.

139 1063 199 1104 29
275 1058 486 1109 Profligato
507 1060 586 1097 fere
607 1057 843 1097 Samnitium
864 1058 980 1105 bello,
1004 1056 1231 1107 priusquam
1259 1069 1305 1094 ea
1326 1068 1418 1093 cura
1438 1056 1550 1094 dece-

182 1140 196 1161 2
220 1126 330 1163 deret
350 1124 525 1175 patribus
547 1125 755 1172 Romanis,
776 1122 931 1162 Etrusci
953 1122 1044 1161 belli
1066 1123 1169 1160 fama
1196 1128 1328 1160 exorta
1349 1128 1417 1160 est.
1475 1133 1549 1159 nec

219 1197 299 1229 erat
338 1203 384 1229 ea
423 1197 657 1240 tempestate
694 1202 790 1239 gens
828 1188 918 1236 alia,
955 1189 1066 1226 cuius
1112 1188 1331 1226 secundum
1375 1185 1549 1225 Gallicos

219 1257 410 1294 tumultus
449 1269 556 1294 arma
587 1254 818 1294 terribiliora
852 1262 982 1293 essent
1015 1267 1104 1292 curn
1140 1252 1432 1303 propinquitate
1470 1251 1549 1302 agri

183 1334 199 1364 3
219 1329 303 1360 tum
326 1320 578 1359 multitudine
595 1319 814 1359 hominum.
855 1319 986 1369 itaque
1007 1320 1128 1358 altero
1145 1318 1307 1356 consule
1328 1317 1366 1355 in
1389 1316 1550 1356 Samnio

220 1386 402 1436 reliquias
440 1385 533 1424 belli
572 1386 822 1436 persequenti
858 1386 900 1423 P.
935 1384 1093 1430 Decius,
1129 1382 1197 1433 qui
1236 1382 1399 1433 graviter
1437 1395 1550 1432 aeger

222 1454 376 1490 Romae
405 1450 607 1497 restiterat,
638 1457 798 1488 auctore
828 1456 966 1487 senatu
997 1448 1229 1488 dictatorem
1264 1449 1305 1486 C.
1339 1448 1549 1496 Sulpicium

221 1518 407 1566 Longum,
430 1517 464 1553 is
491 1516 717 1564 magistrum
744 1515 910 1564 equitum
932 1514 976 1553 C.
1002 1514 1163 1552 Iunium
1191 1513 1415 1550 Bubulcum
1441 1512 1548 1551 dixit.

181 1592 202 1623 4
222 1581 265 1629 is,
297 1589 412 1631 prout
441 1580 495 1619 rei
522 1580 754 1630 magnitudo
786 1579 1020 1629 postulabat,
1053 1590 1192 1616 omnes
1226 1577 1397 1615 iuniores
1431 1590 1552 1615 sacra-

223 1654 359 1685 mento
379 1645 511 1696 adigit,
534 1659 643 1683 arma
663 1657 844 1695 quaeque
863 1644 938 1682 alia
958 1657 1018 1682 res
1040 1642 1167 1693 poscit
1188 1655 1342 1681 summa
1362 1642 1559 1681 industria·

222 1719 358 1763 parat,
401 1725 475 1750 nec
509 1711 626 1750 tantis
660 1710 912 1761 apparatibus
951 1710 1075 1749 elatus
1115 1710 1164 1747 de
1202 1708 1409 1747 inferendo
1448 1708 1552 1747 bello

222 1778 351 1828 agitat,
389 1776 591 1827 quieturus
624 1777 732 1815 haud
766 1775 898 1823 dubie,
931 1774 1005 1813 nisi
1037 1775 1138 1812 ultro
1167 1787 1275 1811 arma
1310 1775 1465 1811 Etrusci
1499 1773 1553 1811 in-

188 1850 205 1883 5
224 1845 378 1882 ferrent.
437 1843 577 1881 eadem
598 1841 638 1880 in
659 1841 928 1891 comparando
942 1839 1249 1889 cohibendoque
1265 1839 1369 1877 bello
1389 1838 1553 1877 consilia

224 1916 261 1947 et
282 1909 389 1959 apud
410 1909 598 1946 Etruscos
618 1909 748 1946 fuere:
779 1905 906 1945 neutri
926 1905 1071 1944 finibus
1093 1904 1245 1954 egressi.

185 1964 193 1973 ⁴
281 1976 332 2012 Et
353 1986 517 2012 censura
544 1974 646 2011 clara
676 1986 724 2011 eo
750 1985 856 2010 anno
883 1973 958 2022 Ap.
987 1969 1144 2010 Claudii
1165 1976 1203 2008 et
1230 1970 1275 2008 C.
1306 1968 1447 2007 Plautii
1468 1968 1550 2015 fuit,

188 2049 207 2080 6
227 2038 439 2078 memoriae
464 2046 597 2077 tamen
622 2037 804 2077 felicioris
834 2038 885 2076 ad
912 2043 1090 2087 posteros
1117 2047 1265 2073 nomen
1292 2033 1422 2084 Appii,
1446 2034 1554 2084 quod

225 2105 329 2144 viam
350 2103 517 2142 munivit
538 2111 576 2142 et
595 2116 740 2154 aquam
761 2103 801 2140 in
822 2102 959 2141 urbem
981 2100 1091 2140 duxit
1115 2113 1240 2151 eaque
1260 2112 1361 2138 unus
1381 2099 1555 2150 perfecit,

191 2184 206 2218 ς
228 2170 320 2222 quia
341 2170 392 2208 ob
420 2169 608 2207 infamem
635 2176 754 2218 atque
779 2167 1013 2206 invidiosam
1035 2173 1193 2205 senatus
1222 2165 1433 2204 lectionem
1454 2177 1557 2203 vere-

190 2248 210 2278 8
229 2235 375 2274 cundia
408 2235 533 2273 victus
565 2234 715 2283 collega
746 2232 973 2282 magistratu
1007 2245 1048 2270 se
1086 2231 1362 2270 abdicaverat:
1403 2229 1556 2280 Appius

230 2301 307 2340 iam
339 2300 432 2338 inde
465 2298 680 2348 antiquitus
712 2296 868 2335 insitam
900 2295 1155 2347 pertinaciam
1182 2294 1351 2333 familiae
1384 2295 1557 2344 gerendo

192 2367 337 2411 9solus
375 2377 581 2403 censuram
620 2362 803 2402 obtinuit.
862 2363 1003 2401 eodem
1043 2360 1176 2411 Appio
1214 2367 1373 2398 auctore
1412 2357 1555 2405 Potitii,
