1747 2620
351 148 421 183 AB
452 144 602 181 VRBE
633 139 892 180 CONDITA
925 139 1028 175 LIB.
1063 137 1133 174 IX.
1167 148 1228 184 43,
1260 147 1310 180 44

162 254 340 303 impensa
379 252 514 289 factae.
574 255 611 287 et
650 260 739 285 cum
775 243 1166 294 Carthaginiensibus
1204 242 1345 280 eodem
1385 250 1489 276 anno
1512 242 1551 272 26

164 318 303 356 foedus
333 315 446 354 tertio
476 319 717 358 renovatum,
741 309 957 360 legatisque
982 321 1130 354 eorum,
1155 305 1222 357 qui
1243 306 1294 344 ad
1318 304 1358 342 id
1379 316 1492 341 vene-

163 389 257 428 rant,
281 379 444 419 comiter
465 391 627 417 munera
649 376 777 414 missa.

219 445 462 484 Dictatorem
493 443 599 481 idem
628 454 754 480 annus
785 439 922 477 habuit
948 440 988 476 P.
1015 437 1243 477 Cornelium
1265 433 1491 484 Scipionem
1510 439 1570 482 44

162 524 252 550 cum
289 509 472 559 magistro
507 506 684 558 equitum
716 507 757 544 P.
796 503 922 543 Decio
959 504 1086 540 Mure.
1143 501 1193 539 ab
1227 500 1298 547 his,
1336 504 1528 548 propter2

164 589 264 627 quae
294 573 413 614 creati
447 580 567 620 erant,
599 570 760 610 comitia
793 567 1012 608 consularia
1047 565 1191 612 habita,
1229 563 1322 615 quia
1356 569 1493 601 neuter

163 641 370 680 consulum
400 645 581 690 potuerat
605 638 710 676 bello
731 636 879 674 abesse.
939 631 1057 672 creati
1086 631 1268 670 consules
1291 630 1334 667 L.
1358 630 1494 666 Postu·
1513 641 1530 672 3

164 707 277 753 mius,
313 704 373 743 Ti.
411 702 624 743 Minucius.
684 702 757 740 hos
791 699 974 739 consules
1009 696 1100 735 Piso
1135 697 1184 745 Q.
1218 692 1342 732 Fabio
1376 699 1414 731 et
1450 694 1491 729 P.

165 769 291 809 Decio
304 768 484 820 suggerit,
503 766 664 806 biennio
680 770 875 814 exempto,
894 775 974 813 quo
991 761 1203 802 Claudium
1219 756 1494 797 Volumnium-

165 849 242 886 que
266 842 304 874 et
332 832 560 874 Cornelium
586 845 676 870 curn
708 828 861 868 Marcio
886 827 1068 867 consules
1092 827 1216 864 factos
1247 822 1490 862 tradidimus.

164 899 405 939 memoriane
422 897 560 948 fugerit
577 896 617 935 in
637 895 845 935 annalibus
858 891 1092 944 digerendis,
1109 904 1159 930 an
1176 890 1357 929 consulto
1377 887 1494 927 binos
1511 897 1531 927 4

165 966 359 1012 consules,
383 965 500 1002 falsos
521 969 636 1008 ratus,
661 957 957 1006 transcenderit,
978 957 1170 996 incertum
1192 962 1260 994 est.

221 1031 376 1069 Eodem
396 1042 502 1067 anno
528 1027 568 1065 in
593 1039 779 1077 campum
804 1025 1005 1064 Stellatem
1026 1022 1105 1072 agri
1126 1019 1320 1071 Campani
1342 1017 1495 1058 Samni·
1514 1026 1531 1057 5

167 1095 264 1134 tium
285 1094 528 1133 incursiones
549 1094 684 1131 factae.
732 1091 865 1140 itaque
885 1089 1004 1128 ambo
1025 1088 1207 1126 consules
1228 1085 1268 1124 in
1289 1083 1494 1124 Samnium
1513 1094 1532 1125 6

170 1160 277 1199 missi
293 1173 385 1199 cum
401 1159 572 1199 diversas
588 1157 778 1208 regiones,
793 1155 999 1194 Tifernum
1018 1151 1254 1199 Postumius,
1272 1149 1494 1189 Bovianum

170 1225 371 1264 Minucius
393 1225 564 1275 petisset,
584 1220 776 1262 Postumii
797 1219 902 1271 prius
919 1220 1041 1259 ductu
1057 1219 1108 1257 ad
1124 1217 1329 1256 Tifernum
1350 1227 1496 1265 pugna-

169 1298 263 1329 tum.
328 1289 391 1328 alii
430 1289 537 1327 haud
576 1286 696 1326 dubie
736 1284 930 1324 Samnites
969 1283 1093 1321 victos
1131 1295 1177 1320 ac
1215 1278 1351 1330 viginti
1390 1277 1534 1324 milia7

168 1355 376 1394 hominum
415 1360 529 1403 capta
563 1353 732 1397 tradunt,
767 1349 832 1388 alii
867 1351 995 1387 Marte
1030 1360 1158 1397 aequo
1193 1345 1421 1390 discessum,
1460 1350 1534 1384 et8

170 1419 429 1466 Postumium,
464 1425 613 1456 metum
645 1416 907 1461 simulantem,
936 1420 1130 1451 nocturno
1161 1410 1297 1449 itinere
1327 1410 1428 1448 clam
1459 1408 1499 1445 in

170 1492 323 1523 montes
358 1482 491 1534 copias
525 1480 747 1528 abduxisse,
783 1481 916 1518 hostes
956 1484 1111 1517 secutos
1145 1477 1226 1515 duo
1260 1474 1367 1513 milia
1406 1473 1498 1512 inde

168 1549 264 1588 locis
299 1548 458 1587 munitis
494 1555 532 1587 et
562 1547 666 1597 ipsos
696 1544 933 1584 consedisse.
994 1543 1143 1589 consul,
1177 1548 1218 1579 ut
1248 1539 1387 1579 stativa
1416 1546 1498 1577 tuta
1517 1553 1536 1583 9

169 1613 504 1664 copiosaque—et
543 1613 595 1650 ita
629 1609 937 1660 erant—petisse
972 1608 1178 1653 videretur,
1214 1612 1424 1655 postquam
1462 1611 1500 1642 et

171 1677 426 1717 munimentis
453 1685 577 1715 castra
597 1676 764 1714 firmavit
789 1682 826 1713 et
849 1675 957 1712 omni
985 1678 1173 1723 apparatu
1194 1683 1323 1709 rerum
1344 1668 1499 1707 utilium

171 1743 360 1790 instruxit,
391 1742 525 1781 relicto
556 1742 668 1779 firmo
699 1739 895 1790 praesidio
919 1739 970 1777 de
997 1736 1127 1787 vigilia
1154 1735 1275 1782 tertia,
1303 1747 1381 1784 qua
1407 1733 1500 1772 duci
1522 1749 1560 1771 10

170 1808 346 1859 proxime
375 1815 514 1859 potest,
547 1807 747 1857 expeditas
782 1804 955 1855 legiones
989 1804 1040 1841 ad
1069 1803 1271 1851 collegam,
1303 1807 1342 1839 et
1371 1799 1500 1850 ipsum

171 1875 356 1913 adversus
377 1873 474 1912 alios
496 1873 714 1919 sedentem,
731 1870 852 1909 ducit.
891 1869 946 1908 ibi
966 1875 1126 1907 auctore
1143 1866 1348 1905 Postumio
1371 1864 1502 1903 Minu·
1522 1886 1556 1908 11

171 1939 254 1978 cius
279 1952 370 1978 cum
397 1938 578 1977 hostibus
605 1936 715 1987 signa
745 1936 905 1982 confert,
934 1941 983 1981 et,
1012 1946 1103 1972 cum
1132 1944 1278 1982 anceps
1308 1929 1500 1981 proelium

173 2004 214 2042 in
234 2005 402 2042 multum
424 2002 502 2042 diei
523 2000 788 2052 processisset,
811 2007 894 2038 turn
916 1997 1143 2037 Postumius
1165 1995 1322 2046 integris
1343 1994 1502 2045 legioni-

175 2069 249 2108 bus
269 2069 464 2107 defessam
484 2066 562 2105 iam
579 2067 705 2105 aciem
725 2064 899 2104 hostium
920 2063 1133 2114 improviso
1149 2060 1309 2104 invadit.
1370 2061 1502 2110 itaque
1523 2074 1558 2096 12

174 2147 266 2173 cum
304 2133 496 2171 lassitudo
533 2145 579 2170 ac
618 2132 779 2169 vulnera
817 2131 948 2180 fugam
991 2141 1151 2178 quoque
1193 2125 1502 2177 praepedissent,

175 2198 384 2238 occidione
413 2196 534 2236 occisi
564 2198 709 2243 hostes,
732 2196 842 2246 signa
871 2207 994 2233 unum
1022 2200 1061 2232 et
1085 2191 1221 2242 viginti
1244 2198 1359 2241 capta
1384 2198 1503 2241 atque

174 2263 269 2302 inde
290 2264 340 2302 ad
361 2270 488 2301 castra
508 2260 701 2300 Postumii
721 2267 952 2311 perrectum.
1012 2257 1067 2297 ibi
1083 2259 1164 2297 duo
1180 2256 1346 2296 victores
1363 2254 1503 2295 exerci-
1525 2263 1561 2293 13

175 2336 237 2368 tus
266 2329 491 2380 perculsum
516 2326 593 2365 iam
618 2327 722 2365 fama
745 2326 900 2365 hostem
924 2323 1052 2363 adorti
1072 2323 1244 2362 fundunt
1263 2323 1504 2372 fugantque,

175 2395 285 2445 signa
314 2392 494 2432 militaria
520 2406 586 2431 sex
613 2399 651 2430 et
671 2390 808 2442 viginti
828 2397 943 2440 capta
969 2397 1006 2428 et
1032 2388 1243 2439 imperator
1269 2386 1502 2426 Samnitium

178 2459 323 2498 Statius
356 2458 506 2498 Gellius
546 2457 737 2508 multique
774 2455 839 2495 alii
878 2457 1061 2494 mortales
1101 2462 1139 2493 et
1177 2461 1301 2491 castra
1340 2459 1503 2500 utraque
