1747 2620
801 108 849 143 T.
883 107 999 144 LIVI

238 214 421 259 Corvum,
446 214 489 252 C.
524 214 718 252 Marcium
750 215 940 263 Rutilum,
965 217 1008 255 C.
1041 216 1269 266 Sulpicium,
1299 218 1343 254 T.
1369 218 1564 254 Manlium

235 280 493 328 Torquatum,
514 280 561 327 Q.
582 279 794 318 Publilium
817 280 1035 328 Philonem,
1056 283 1099 319 L.
1124 281 1322 332 Papirium
1340 283 1562 328 Cursorem,

237 344 285 392 Q.
338 343 503 382 Fabium
554 344 786 394 Maximum,
835 347 935 385 duos
989 346 1146 394 Decios,
1198 349 1240 385 L.
1290 348 1561 393 Volumnium,

196 423 215 453 9
238 410 304 447 Μ’.
338 408 532 448 Curium?
572 409 759 461 deinceps
790 411 967 461 ingentes
992 419 1177 450 secuntur
1206 411 1287 459 viri,
1317 412 1348 451 si
1370 412 1565 451 Punicum

236 475 422 513 Romano
460 475 731 525 praevertisset
769 476 918 515 bellum
950 477 1159 527 seniorque
1192 477 1232 515 in
1272 477 1426 516 Italiam
1459 477 1567 515 traie-

177 555 216 577 10
234 539 360 578 cisset.
421 541 562 579 horum
597 541 636 579 in
676 541 853 592 quolibet
888 555 979 580 cum
1011 542 1166 581 indoles
1205 543 1355 590 eadem,
1393 556 1494 592 quae
1526 541 1565 579 in

233 606 469 651 Alexandro,
497 614 577 644 erat
606 606 728 644 animi
754 606 991 657 ingeniique,
1024 614 1108 645 tum
1138 607 1347 657 disciplina
1376 606 1563 653 militaris,

233 669 310 707 iam
332 669 425 708 inde
440 671 491 709 ab
512 670 630 709 initiis
645 671 751 710 urbis
772 672 912 711 tradita
933 686 1002 722 per
1023 685 1174 720 manus,
1197 672 1237 710 in
1257 672 1347 711 artis
1368 671 1566 723 perpetuis

178 749 210 771 11
232 735 451 785 praeceptis
482 735 686 775 ordinatae
716 738 880 775 modum
911 745 1079 776 venerat.
1140 739 1193 775 ita
1226 751 1333 788 reges
1367 744 1566 788 gesserant

233 799 349 847 bella,
389 799 441 838 ita
480 800 625 839 deinde
671 809 870 840 exactores
913 815 1048 851 regum
1093 802 1196 840 Iunii
1236 802 1471 852 Valeriique,
1513 801 1566 840 ita

232 865 419 914 deinceps
460 865 582 912 Fabii,
626 866 815 915 Quinctii,
857 866 1041 913 Cornelii,
1083 866 1135 904 ita
1175 867 1313 905 Furius
1361 866 1563 913 Camillus,

231 943 350 979 quem
377 929 537 968 iuvenes
563 930 598 977 ii,
630 931 773 980 quibus
801 945 891 969 cum
919 933 1145 970 Alexandro
1174 932 1446 971 dimicandum
1471 939 1562 978 erat,

173 1005 208 1026 12
231 1006 367 1032 senem
389 994 577 1033 viderant.
638 995 817 1034 militaria
838 1009 957 1045 opera
978 998 1192 1046 pugnando
1214 996 1377 1035 obeunti
1399 998 1565 1035 Alexan-

231 1060 451 1097 dro—nam
485 1073 530 1098 ea
562 1074 722 1110 quoque
758 1062 864 1100 haud
899 1061 1028 1099 minus
1063 1063 1210 1100 clarum
1241 1075 1331 1100 eum
1361 1061 1565 1100 faciunt—-

231 1122 410 1162 cessisset
440 1124 623 1163 videlicet
654 1125 692 1162 in
722 1125 805 1164 acie
836 1126 991 1164 oblatus
1026 1140 1093 1176 par
1130 1126 1303 1165 Manlius
1338 1129 1564 1176 Torquatus

229 1196 296 1227 aut
331 1189 508 1228 Valerius
549 1191 711 1236 Corvus,
749 1190 920 1240 insignes
959 1198 1050 1229 ante
1090 1190 1231 1229 milites
1271 1204 1388 1241 quam
1429 1192 1561 1238 duces,

173 1271 209 1300 15
230 1254 438 1293 cessissent
480 1255 602 1301 Decii,
645 1255 798 1294 devotis
837 1256 1066 1306 corporibus
1117 1256 1156 1294 in
1196 1258 1350 1294 hostem
1394 1263 1561 1303 ruentes,

230 1319 410 1358 cessisset
441 1321 617 1369 Papirius
651 1321 797 1360 Cursor
831 1320 897 1359 illo
928 1321 1100 1371 corporis
1135 1321 1286 1367 robore,
1319 1321 1386 1359 illo
1415 1320 1563 1359 animi!

172 1405 209 1436 14
230 1384 355 1423 victus
385 1392 486 1423 esset
517 1384 689 1423 consiliis
720 1385 870 1424 iuvenis
900 1385 1025 1433 unius,
1060 1399 1108 1424 ne
1139 1385 1311 1436 singulos
1347 1385 1563 1433 nominem,

230 1457 388 1488 senatus
410 1450 484 1497 ille,
508 1464 627 1500 quem
649 1450 716 1500 qui
738 1464 783 1488 ex
804 1450 958 1500 regibus
986 1458 1166 1490 constare
1193 1450 1289 1489 dixit
1311 1464 1411 1489 unus
1433 1464 1563 1489 veram

172 1532 208 1564 15
230 1514 402 1565 speciem
426 1515 597 1553 Romani
629 1523 786 1554 senatus
811 1515 914 1566 cepit
935 1519 941 1554 1
981 1516 1021 1554 id
1042 1530 1133 1555 vero
1155 1524 1234 1554 erat
1262 1516 1491 1566 periculum,
1515 1530 1565 1554 ne

229 1580 423 1619 sollertius
450 1594 569 1629 quam
596 1580 761 1630 quilibet
789 1594 889 1618 unus
911 1594 957 1619 ex
985 1581 1044 1628 iis,
1069 1594 1168 1631 quos
1196 1581 1407 1629 nominavi,
1431 1581 1565 1620 castris

229 1647 361 1683 locum
384 1652 551 1695 caperet,
569 1652 814 1684 commeatus
835 1645 1044 1695 expediret,
1061 1646 1111 1683 ab
1132 1645 1283 1685 insidiis
1304 1654 1565 1696 praecaveret,

230 1716 386 1759 tempus
403 1722 558 1759 pugnae
581 1709 778 1759 deligeret,
795 1710 921 1748 aciem
938 1710 1158 1758 instrueret,
1175 1710 1358 1750 subsidiis
1376 1712 1564 1750 firmaret!

172 1783 209 1813 16
230 1788 310 1812 non
332 1788 423 1812 cum
454 1776 584 1812 Dareo
615 1788 696 1812 rem
725 1788 810 1812 esse
840 1774 1011 1822 dixisset,
1042 1789 1160 1824 quem
1184 1775 1389 1814 mulierum
1414 1790 1460 1814 ac
1481 1790 1566 1826 spa-

230 1841 381 1878 donum
421 1853 562 1889 agmen
598 1841 828 1886 trahentem,
868 1840 966 1879 inter
1005 1854 1216 1890 purpuram
1255 1848 1373 1891 atque
1411 1855 1561 1889 aurum,

230 1912 435 1943 oneratum
464 1905 643 1942 fortunae
667 1904 918 1954 apparatibus
947 1918 1050 1952 suae,
1082 1906 1268 1955 praedam
1296 1906 1423 1945 verius
1444 1920 1561 1956 quam

228 1971 395 2017 hostem,
433 1968 528 2007 nihil
560 1969 667 2008 aliud
709 1983 829 2020 quam
870 1970 971 2008 bene
1005 1983 1123 2008 ausus
1158 1984 1258 2009 vana
1296 1978 1561 2019 contemnere,

170 2042 207 2077 17
229 2034 456 2073 incruentus
486 2034 640 2073 devicit.
711 2036 827 2085 longe
857 2035 954 2073 alius
991 2035 1128 2074 Italiae
1162 2049 1281 2086 quam
1313 2036 1462 2084 Indiae,
1496 2050 1564 2088 per

229 2113 347 2149 quam
380 2101 599 2137 temulento
628 2099 784 2150 agmine
815 2100 1146 2140 comissabundus
1176 2100 1346 2148 incessit,
1375 2102 1479 2140 visus
1510 2101 1563 2140 illi

228 2164 386 2202 habitus
416 2172 530 2212 esset,
562 2166 682 2203 saltus
713 2165 882 2215 Apuliae
910 2179 956 2204 ac
987 2173 1141 2204 montes
1175 2168 1357 2205 Lucanos
1387 2167 1562 2205 cernenti

229 2236 266 2267 et
296 2229 458 2279 vestigia
487 2231 659 2268 recentia
693 2229 935 2269 domesticae
966 2232 1099 2278 cladis,
1132 2231 1199 2270 ubi
1229 2234 1445 2271 avunculus
1479 2233 1562 2271 eius

166 2291 208 2327 18
230 2308 363 2344 nuper,
399 2294 505 2343 Epiri
534 2308 599 2332 rex
625 2295 859 2343 Alexander,
892 2296 1124 2346 absumptus
1153 2304 1243 2336 erat.
1303 2305 1341 2335 et
1366 2297 1562 2347 loquimur

229 2361 277 2397 de
300 2360 524 2397 Alexandro
547 2361 723 2398 nondum
748 2374 874 2398 merso
896 2362 1078 2400 secundis
1101 2362 1226 2409 rebus,
1250 2376 1415 2412 quarum
1441 2376 1559 2401 nemo
