1747 2620
828 107 874 143 T.
907 107 1024 144 LIVI

263 213 336 260 gia,
369 224 449 249 non
480 213 704 251 renuntiato
734 214 856 252 altero
886 214 1045 252 comitia
1074 215 1312 262 differantur,
1344 228 1416 265 ego
1447 222 1494 261 te,
1527 215 1593 265 qui

265 277 371 314 solus
410 289 550 315 censor
588 277 709 316 creari
748 291 829 317 non
869 280 1006 328 possis,
1048 281 1176 318 solum
1218 293 1424 319 censuram
1462 292 1595 330 gerere

205 349 246 381 26
265 342 413 391 patiar.'
471 343 569 381 haec
599 344 770 393 taliaque
797 357 888 382 cum
913 344 1083 392 dixisset,
1107 346 1246 394 prendi
1268 358 1472 385 censorem
1495 352 1534 384 et
1555 345 1594 382 in

264 407 421 446 vincula
450 408 542 447 duci
572 408 693 447 iussit.
753 409 1065 459 approbantibus
1099 423 1165 448 sex
1195 410 1360 449 tribunis
1394 412 1592 450 actionem

264 474 437 524 collegae
467 481 543 513 tres
572 474 787 524 appellanti
816 475 949 525 Appio
978 475 1122 514 auxilio
1148 477 1326 524 fuerunt,
1361 490 1594 527 summaque

263 537 411 578 invidia
432 539 611 578 omnium
633 539 817 578 ordinum
838 541 945 578 solus
966 553 1172 579 censuram
1192 541 1322 591 gessit.

187 608 244 650 35
319 605 427 642 Dum
443 618 489 643 ea
503 607 658 643 Rornae
671 613 867 655 geruntur,
884 604 961 643 iam
979 605 1151 644 Sutrium
1172 607 1222 645 ab
1245 607 1419 645 Etruscis
1440 607 1594 646 obside-

263 668 389 718 batur,
406 670 638 720 consulique
660 669 784 708 Fabio
805 669 893 708 imis
915 671 1116 709 montibus
1137 671 1299 710 ducenti
1319 673 1370 710 ad
1390 673 1592 711 ferendam

262 747 378 784 opem
400 735 515 774 sociis
543 737 874 785 temptandasque
895 736 1145 783 munitiones,
1170 737 1201 775 si
1226 751 1304 787 qua
1323 745 1466 787 posset,
1490 737 1593 777 acies

225 814 240 835 2
260 799 433 838 hostium
457 799 644 838 instructa
665 800 832 839 occurrit
846 815 857 849 3
887 814 1055 851 quorum
1076 801 1276 851 ingentem
1298 802 1592 841 multitudinem

260 878 350 903 cum
396 867 623 904 ostenderet
666 867 843 905 subiecta
881 868 958 906 late
997 868 1190 917 planities,
1231 871 1381 915 consul,
1424 876 1464 907 ut
1503 871 1592 908 loco

260 930 498 980 paucitatem
514 944 672 970 suorum
686 931 897 979 adiuvaret,
909 932 1029 971 flectit
1044 935 1247 983 paululum
1261 935 1300 971 in
1315 933 1436 972 clivos
1450 947 1592 984 agmen

259 1002 466 1045 ——aspreta
486 1003 595 1034 erant
617 1003 735 1034 strata
751 996 918 1045 saxis-3
935 997 1027 1036 inde
1049 999 1159 1048 signa
1178 998 1220 1036 in
1235 1000 1390 1037 hostem
1412 998 1591 1037 obvertit.

223 1076 240 1106 3
261 1059 415 1098 Etrusci
446 1060 624 1098 omnium
655 1068 928 1111 praeterquam
960 1062 1222 1101 multitudinis
1257 1076 1362 1111 suae,
1398 1077 1476 1113 qua
1510 1065 1593 1102 sola

260 1124 345 1164 freti
360 1132 481 1172 erant,
501 1125 753 1165 immemores
770 1127 962 1176 proelium
978 1127 1117 1166 ineunt
1130 1129 1233 1167 adeo
1254 1128 1394 1178 raptim
1411 1136 1449 1167 et
1464 1128 1590 1175 avide,

260 1197 302 1227 ut
341 1190 504 1229 abiectis
547 1191 771 1239 missilibus,
813 1206 893 1242 quo
932 1192 1096 1232 celerius
1142 1207 1281 1232 manus
1328 1201 1589 1241 consererent,

220 1268 240 1299 4
259 1256 492 1306 stringerent
521 1257 673 1307 gladios
703 1259 891 1297 vadentes
926 1260 965 1296 in
1000 1260 1178 1306 hostem3
1220 1261 1426 1298 Romanus
1456 1267 1592 1298 contra

260 1335 366 1360 nunc
387 1323 464 1360 tela
485 1336 592 1361 nunc
613 1336 715 1371 saxa,
734 1323 878 1374 quibus
901 1337 968 1363 eos
988 1325 1136 1363 affatim
1168 1326 1277 1363 locus
1298 1324 1381 1374 ipse
1401 1325 1589 1373 armabat,

223 1395 239 1426 5
259 1386 446 1437 ingerere.
505 1387 620 1438 igitur
641 1396 751 1427 scuta
770 1391 985 1439 galeaeque
1013 1391 1113 1428 ictae
1138 1403 1228 1428 cum
1250 1390 1368 1429 etiam
1390 1404 1488 1441 quos
1509 1404 1591 1429 non

259 1454 558 1491 vulneraverant
578 1454 792 1502 turbarent,
816 1468 945 1504 neque
967 1454 1098 1494 subire
1119 1462 1200 1494 erat
1226 1454 1339 1494 facile
1360 1456 1411 1494 ad
1437 1455 1591 1505 propio-

260 1529 342 1556 rem
370 1530 554 1567 pugnam,
577 1532 707 1569 neque
735 1519 895 1557 missilia
922 1519 1132 1567 habebant,
1156 1519 1300 1570 quibus
1328 1519 1481 1558 eminus
1509 1534 1590 1559 rem

221 1590 241 1621 6
260 1590 463 1632 gererent3
493 1590 639 1622 stantes
667 1591 706 1622 et
733 1584 930 1635 expositos
950 1585 1001 1623 ad
1025 1585 1136 1632 ictus,
1160 1598 1251 1624 cum
1276 1585 1353 1624 iam
1381 1586 1473 1623 satis
1495 1585 1591 1623 nihil

260 1654 418 1698 tegeret,
450 1650 646 1698 quosdam
675 1649 793 1688 etiam
828 1651 972 1700 pedem
1008 1651 1218 1689 referentes
1253 1651 1591 1700 fluctuantemque

260 1721 298 1751 et
337 1713 561 1752 instabilem
600 1714 725 1753 aciem
765 1715 1029 1764 redintegrato
1068 1718 1239 1754 clamore
1279 1715 1420 1754 strictis
1452 1715 1590 1766 gladiis

223 1778 401 1821 7hastati
432 1788 469 1817 et
499 1779 694 1829 principes
720 1779 922 1819 invadunt.
983 1794 1073 1819 eum
1102 1782 1292 1830 impetum
1314 1794 1396 1819 non
1419 1782 1591 1819 tulerunt

261 1844 415 1882 Etrusci
445 1843 645 1894 versisque
674 1844 794 1895 signis
830 1846 920 1895 fuga
954 1846 1076 1884 effusa
1109 1853 1235 1884 castra
1268 1852 1460 1895 repetunt.
1520 1847 1590 1884 sed

259 1910 410 1959 equites
433 1911 606 1947 Romani
627 1909 822 1959 praevecti
844 1924 911 1959 per
932 1911 1093 1960 obliqua
1113 1910 1241 1960 campi
1263 1923 1353 1948 cum
1375 1923 1417 1949 se
1443 1911 1590 1960 fugien-

258 1974 363 2012 tibus
393 1975 639 2021 obtulissent,
666 1974 814 2013 omisso
843 1976 893 2013 ad
924 1982 1048 2013 castra
1078 1974 1216 2013 itinere
1246 1982 1400 2013 montes
1426 1983 1591 2025 petuntg

221 2040 352 2078 Sinde
382 2039 521 2078 inermi
551 2053 676 2090 paene
706 2041 862 2090 agmine
892 2053 938 2078 ac
967 2047 1106 2079 vexato
1133 2039 1359 2078 vulneribus
1384 2040 1424 2078 in
1452 2040 1588 2078 silvam

259 2103 472 2143 Ciminiam
490 2112 751 2154 penetratum.
787 2107 994 2144 Romanus
1011 2105 1142 2144 multis
1160 2105 1318 2144 milibus
1333 2107 1588 2145 Etruscorum

258 2167 394 2216 caesis,
429 2169 824 2220 duodequadraginta
860 2169 978 2220 signis
1017 2160 1253 2209 militaribus
1285 2171 1418 2220 captis,
1455 2170 1590 2209 castris

259 2232 376 2271 etiam
407 2232 578 2272 hostium
607 2247 697 2272 cum
722 2235 867 2284 praeda
891 2234 1039 2285 ingenti
1070 2235 1226 2285 potitur.
1286 2242 1370 2274 tum
1393 2237 1443 2274 de
1465 2248 1590 2285 perse-

258 2299 420 2348 quendo
441 2299 554 2337 hoste
573 2298 707 2348 agitari
727 2307 923 2349 coeptum.

181 2363 241 2415 36
315 2363 419 2402 Silva
439 2371 518 2402 erat
540 2363 711 2403 Ciminia
732 2365 853 2415 magis
874 2372 957 2403 tum
979 2365 1082 2404 invia
1102 2372 1220 2416 atque
1241 2367 1446 2412 horrenda,
1469 2377 1587 2415 quam
