1747 2620
797 103 841 139 T.
877 102 991 141 LIVI

235 207 289 243 M.
313 205 528 254 Valerium,
550 214 608 245 est
638 220 793 246 versum
813 224 822 256 3
851 223 953 260 quos
980 212 1150 261 populus
1178 212 1363 261 proximis
1394 213 1563 252 comitiis

231 270 379 320 ingenti
419 284 616 311 consensu
660 275 864 312 consulem
913 276 1090 323 alterum,
1127 277 1293 316 alterum
1341 285 1561 328 praetorem

228 336 449 374 declaravit.
463 369 466 372 .

163 406 211 448 41
285 400 409 439 Fabio
426 402 479 440 ob
495 403 647 453 egregie
662 404 926 454 perdomitam
942 405 1139 444 Etruriam
1156 407 1408 446 continuatur
1424 422 1563 448 consu-

230 466 341 512 latus,
387 466 535 506 Decius
571 469 721 519 collega
761 470 884 508 datur.
946 470 1143 520 (Valerius
1184 480 1339 521 praetor
1377 481 1560 523 quartum

194 549 208 570 2
230 530 414 581 creatus.)
472 534 654 571 consules
682 534 810 583 partiti
840 534 1085 584 provincias:
1118 535 1272 574 Etruria
1295 536 1431 585 Decio,
1456 539 1562 576 Sam-

192 608 210 639 3
230 593 340 633 nium
363 595 487 634 Fabio
507 597 649 635 evenit.
706 599 740 635 is
768 599 967 648 profectus
995 600 1046 638 ad
1068 599 1281 639 Nuceriam
1303 603 1563 651 Alfaternam,

230 672 320 697 cum
347 673 485 710 pacem
508 668 698 711 petenteS,
724 664 833 712 quod
862 663 918 702 uti
945 677 1004 712 ea,
1025 678 1116 703 cum
1138 666 1305 714 daretur,
1330 667 1558 715 noluissent,

187 740 209 772 4
227 734 455 776 aspernatus
476 734 588 775 esset,
612 729 881 778 oppugnando
901 730 952 768 ad
973 729 1217 769 deditionem
1245 731 1408 782 subegit.
1469 747 1559 772 cum

226 790 468 829 Samnitibus
489 791 573 830 acie
600 792 857 841 dimicatum,
887 794 993 832 haud
1019 807 1162 844 magno
1187 795 1400 835 certamine
1427 797 1560 836 hostes

226 854 317 893 victi
332 870 342 903 3
376 869 506 906 neque
536 858 619 895 eius
650 870 805 908 pugnae
830 858 1021 897 memoria
1056 859 1196 898 tradita
1226 861 1336 908 foret,
1366 861 1406 899 ni
1438 862 1559 900 Marsi

227 933 275 958 eo
296 920 465 970 primum
497 921 647 971 proelio
677 936 767 960 cum
800 922 992 961 Romanis
1023 923 1245 963 bellassent.
1306 926 1429 964 secuti
1457 928 1560 964 Mar-

226 998 359 1023 sorum
391 986 656 1025 defectionem
693 987 867 1038 Paeligni
894 989 1063 1027 eandem
1098 990 1295 1028 fortunam
1322 991 1556 1031 habuerunt.

168 1045 205 1089 '5
228 1049 355 1089 Decio
389 1064 559 1101 quoque,
597 1052 706 1091 alteri
741 1053 905 1100 consuli,
940 1055 1115 1092 secunda
1149 1054 1241 1093 belli
1276 1056 1431 1094 fortuna
1465 1064 1556 1096 erat.

225 1115 555 1165 Tarquiniensem
588 1124 695 1155 metu
727 1117 935 1168 subegerat
970 1120 1211 1157 frumentum
1237 1120 1421 1159 exercitui
1452 1134 1560 1171 prae-

185 1181 205 1211 6
223 1180 315 1219 bere
336 1188 454 1231 atque
470 1181 642 1221 indutias
659 1182 699 1221 in
713 1183 971 1234 quadraginta
986 1197 1111 1223 annos
1133 1192 1278 1235 petere.
1337 1187 1371 1223 V
1377 1185 1559 1226 olsinien-

223 1244 324 1283 sium
359 1248 518 1285 castella
552 1247 703 1297 aliquot
733 1247 769 1285 vi
797 1247 901 1298 cepit
919 1263 929 1297 3
958 1250 1153 1299 quaedam
1187 1264 1233 1288 ex
1265 1250 1310 1288 iis
1342 1251 1471 1299 diruit,
1507 1265 1557 1290 ne

223 1313 472 1361 receptaculo
494 1312 674 1351 hostibus
691 1321 822 1352 essent
840 1328 849 1361 3
879 1313 1273 1366 circumferendoque
1290 1317 1433 1367 passim
1453 1318 1556 1356 bello

222 1382 375 1414 tantum
397 1383 581 1416 terrorem
604 1377 663 1415 sui
686 1377 787 1424 fecit,
811 1385 852 1416 ut
873 1390 1018 1417 nomen
1042 1393 1160 1419 omne
1184 1382 1393 1419 Etruscum
1416 1383 1555 1421 foedus

221 1441 272 1479 ab
300 1443 463 1480 consule
493 1450 653 1492 peteret.
713 1456 758 1481 ac
791 1444 841 1482 de
872 1457 920 1482 eo
955 1444 1117 1494 quidem
1151 1445 1247 1483 nihil
1280 1446 1530 1497 impetratum
1548 1462 1557 1495 ,·

187 1505 397 1552 7indutiae
432 1521 587 1546 annuae
622 1509 747 1546 datae.
809 1508 1049 1558 stipendium
1083 1511 1253 1548 exercitu
1288 1512 1473 1550 Romano
1504 1513 1555 1550 ab

221 1572 335 1610 hoste
365 1571 405 1610 in
436 1586 526 1611 eum
556 1585 705 1610 annum
736 1586 903 1623 pensum
934 1581 972 1612 et
1000 1575 1117 1613 binae
1149 1575 1305 1614 tunicae
1330 1576 1368 1613 in
1390 1576 1553 1615 militem

221 1644 404 1686 exactae5
434 1651 480 1677 ea
500 1651 650 1677 merces
673 1638 912 1677 indutiarum
935 1639 1016 1677 fuit.

184 1703 202 1733 8
275 1703 524 1753 Tranquillas
546 1717 604 1742 res
626 1703 703 1742 iam
724 1704 765 1742 in
787 1704 961 1743 Etruscis
983 1704 1151 1743 turbavit
1166 1705 1369 1756 repentina
1384 1707 1554 1746 defectio

223 1768 478 1816 Umbrorum,
515 1769 642 1819 gentis
682 1769 854 1820 integrae
900 1784 923 1808 a
966 1770 1145 1809 cladibus
1187 1771 1289 1819 belli,
1331 1772 1405 1810 nisi
1444 1774 1552 1823 quod

183 1845 203 1878 9
222 1835 426 1872 transitum
448 1834 638 1873 exercitus
659 1848 749 1885 ager
769 1843 955 1874 senserat.
1013 1835 1038 1873 ii
1066 1836 1262 1875 concitata
1286 1838 1394 1875 omni
1422 1837 1554 1877 iuven-

222 1907 304 1938 tute
332 1913 402 1938 sua
431 1907 470 1938 et
499 1913 641 1951 magna
671 1907 780 1950 parte
807 1902 1062 1939 Etruscorum
1090 1903 1140 1940 ad
1165 1902 1420 1941 rebellionem
1448 1916 1554 1941 com-

220 1966 339 2015 pulsa·
371 1972 523 2003 tantum
563 1965 775 2004 exercitum
815 1967 997 2014 fecerant,
1039 1973 1081 2004 ut
1126 1967 1261 2005 relicto
1305 1975 1394 2018 post
1433 1981 1474 2006 se
1512 1968 1552 2007 in

222 2029 375 2068 Etruria
397 2029 524 2069 Decio
544 2031 595 2069 ad
617 2033 925 2082 oppugnandam
947 2031 1040 2071 inde
1058 2033 1230 2070 Romam
1251 2032 1384 2080 ituros,
1407 2032 1552 2083 magni-

220 2096 293 2134 fice
314 2096 364 2134 de
385 2109 425 2135 se
446 2109 491 2134 ac
522 2096 782 2147 contemptim
807 2098 857 2136 de
888 2097 1081 2136 Romanis
1109 2088 1329 2148 loquentes,
1351 2098 1549 2138 iactarent.

164 2174 204 2197 10
221 2162 330 2212 quod
358 2160 560 2211 inceptum
588 2175 724 2200 eorum
754 2162 822 2201 ubi
852 2164 902 2202 ad
932 2163 1101 2202 Decium
1129 2166 1332 2203 consulem
1358 2166 1550 2215 perlatum

221 2233 289 2273 est,
312 2227 363 2264 ad
384 2226 522 2264 urbem
544 2240 590 2264 ex
612 2226 766 2265 Etruria
787 2227 938 2278 magnis
965 2228 1169 2268 itineribus
1194 2230 1319 2280 pergit
1340 2237 1377 2269 et
1398 2230 1437 2268 in
1458 2244 1551 2281 agro

165 2307 198 2329 11
221 2291 449 2343 Pupiniensi
488 2293 539 2331 ad
578 2294 722 2331 famam
773 2292 946 2332 intentus
992 2294 1165 2333 hostium
1209 2295 1399 2335 consedit.
1477 2310 1550 2336 nec

223 2359 375 2397 Romae
415 2358 671 2408 spernebatur
711 2359 954 2397 Umbrorum
997 2359 1158 2407 bellum,
1197 2367 1234 2399 et
1273 2359 1380 2411 ipsae
1420 2361 1548 2400 minae
