1747 2620
349 138 418 174 AB
450 135 599 172 VRBE
631 133 890 172 CONDITA
925 133 1027 169 LIB.
1061 133 1130 169 IX.
1169 143 1292 179 19—22

160 246 263 284 exitu
302 244 394 282 anni
430 256 509 281 non
549 242 776 280 consulibus
810 240 860 278 ab
896 253 936 278 se
977 239 1126 287 creatis,
1160 241 1225 289 Sp.
1266 238 1413 276 Nautio
1453 245 1489 275 et

163 312 217 348 M.
258 309 422 360 Popilio,
463 315 635 346 ceterum
680 305 861 345 dictatori
903 307 944 342 L.
989 304 1161 343 Aemilio
1202 303 1375 353 legiones
1419 310 1489 340 tra-

160 375 354 414 diderunt.
414 374 445 412 is
474 386 565 411 cum
598 374 640 410 L.
677 371 815 409 Fulvio
847 369 1032 420 magistro
1067 369 1244 418 equitum
1277 367 1487 406 Saticulam
1511 379 1524 400 2

161 452 389 491 oppugnare
427 439 589 477 adortus
628 435 846 476 rebellandi
885 447 1044 472 causam
1086 432 1328 471 Samnitibus
1368 431 1488 471 dedit.

161 507 306 555 duplex
336 503 429 542 inde
463 510 584 541 terror
614 502 757 540 inlatus
794 499 1010 538 Romanis:
1043 497 1135 535 hinc
1163 496 1317 535 Samnis
1348 509 1491 546 magno
1513 505 1530 535 3

162 569 331 609 exercitu
353 575 492 607 coacto
513 568 564 606 ad
585 566 816 606 eximendos
847 563 1058 603 obsidione
1079 561 1207 600 socios
1229 563 1335 600 haud
1356 563 1493 610 procul

161 636 296 674 castris
333 635 606 672 Romanorum
637 638 762 670 castra
792 629 923 680 posuit
940 643 949 676 ;
983 628 1076 666 hinc
1106 626 1319 666 Saticulani
1349 639 1493 676 magno

163 715 254 740 cum
282 701 452 738 tumultu
473 697 677 749 patefactis
707 702 868 746 repente
889 693 1011 744 portis
1041 693 1081 730 in
1103 691 1290 730 stationes
1320 690 1493 729 hostium

164 766 420 804 incurrerunt.
478 763 572 802 inde
606 775 693 812 pars
733 768 907 810 utraque,
945 772 1014 809 spe
1052 757 1169 796 alieni
1208 755 1330 806 magis
1364 755 1532 795 auxilii4

165 844 284 882 quam
314 829 460 867 viribus
490 830 586 866 freta
616 827 706 874 suis,
737 826 840 864 iusto
871 838 963 863 mox
988 823 1138 874 proelio
1165 821 1263 860 inito
1291 823 1495 859 Romanos

166 903 315 946 urgent,
345 901 383 933 et
410 906 652 944 quamquam
682 903 829 941 anceps
856 889 1058 928 dimicatio
1087 894 1179 934 erat,
1207 894 1340 926 tamen
1366 886 1497 924 utrim-

166 974 243 1011 que
282 967 406 998 tutam
445 958 570 997 aciem
610 957 777 996 dictator
816 955 965 1002 habuit,
1009 953 1102 1003 quia
1140 959 1178 990 et
1217 953 1350 990 locum
1390 951 1497 989 haud

167 1025 321 1064 facilem
345 1025 396 1063 ad
420 1022 813 1063 circumveniendum
841 1020 945 1070 cepit
966 1027 1003 1058 et
1031 1018 1185 1058 diversa
1215 1017 1349 1056 statuit
1376 1017 1497 1067 signa.

167 1090 342 1129 infestior
376 1097 508 1127 tamen
540 1088 580 1126 in
615 1093 864 1137 erumpentes
903 1083 1062 1123 incessit
1097 1096 1172 1121 nec
1203 1095 1346 1132 magno
1381 1089 1535 1125 certa-5

169 1156 275 1194 mine
295 1155 396 1193 intra
416 1153 573 1193 moenia
593 1152 784 1203 compulit
800 1166 810 1199 3
844 1158 928 1189 turn
951 1157 1075 1188 totam
1095 1147 1221 1186 aciem
1242 1147 1282 1185 in
1304 1146 1498 1185 Samnites

169 1221 348 1260 obvertit.
406 1219 459 1258 ibi
490 1220 578 1269 plus
614 1216 837 1256 certaminis
867 1215 964 1262 fuit3
999 1213 1161 1252 victoria
1191 1212 1291 1251 sicut
1319 1225 1413 1259 sera,
1446 1211 1499 1250 ita
1517 1218 1537 1249 6

171 1299 244 1325 nec
269 1285 390 1324 dubia
414 1298 487 1323 nec
510 1283 615 1322 varia
634 1282 716 1321 fuit.
777 1281 852 1320 fusi
872 1281 912 1318 in
934 1287 1059 1318 castra
1079 1277 1273 1317 Samnites
1299 1277 1500 1316 exstinctis

170 1358 288 1390 nocte
309 1349 464 1400 ignibus
485 1348 605 1387 tacito
625 1347 782 1398 agmine
809 1347 957 1385 abeunt
978 1352 1016 1383 et
1037 1357 1106 1393 spe
1126 1343 1281 1382 abiecta
1306 1342 1501 1382 Saticulae

170 1417 341 1454 tuendae
386 1413 587 1452 Plisticam
636 1412 721 1463 ipsi,
768 1411 897 1450 socios
946 1412 1232 1454 Romanorum,
1279 1414 1320 1445 ut
1368 1420 1501 1457 parem

171 1482 349 1519 dolorem
380 1478 483 1518 hosti
512 1479 732 1525 redderent,
765 1476 1060 1516 circumsidunt.

226 1549 346 1584 Anno
376 1545 616 1583 circumacto
637 1543 785 1581 bellum
810 1540 998 1590 deinceps
1023 1539 1074 1578 ab
1093 1538 1284 1577 dictatore
1306 1538 1355 1586 Q.
1379 1536 1503 1575 Fabio
1523 1549 1573 1577 22

173 1619 327 1662 gestum
348 1617 406 1649 est
423 1624 433 1657 3
463 1610 646 1647 consules
667 1607 771 1654 novi,
794 1606 894 1645 sicut
920 1604 1152 1655 superiores,
1177 1605 1330 1642 Romae
1355 1615 1505 1641 manse—

174 1684 288 1725 runt3
328 1674 473 1713 Fabius
505 1675 555 1712 ad
594 1672 872 1723 accipiendum
911 1671 961 1709 ab
996 1668 1171 1708 Aemilio
1203 1667 1415 1706 exercitum
1454 1669 1505 1705 ad

175 1741 387 1781 Saticulam
415 1753 505 1778 cum
537 1739 815 1788 supplemento
842 1735 960 1774 venit.
1020 1747 1150 1784 neque
1178 1733 1283 1772 enim
1309 1732 1504 1771 Samnites
1525 1750 1540 1771 2

174 1808 225 1845 ad
253 1805 451 1844 Plisticam
483 1810 717 1850 manserant,
747 1803 829 1849 sed,
851 1800 986 1840 accitis
1016 1800 1068 1838 ab
1095 1800 1217 1838 domo
1242 1798 1353 1837 novis
1380 1798 1506 1836 militi—

175 1872 259 1920 bus,
310 1869 562 1909 multitudine
602 1868 700 1915 freti,
748 1874 873 1906 castra
917 1867 1071 1911 eodem,
1118 1876 1198 1913 quo
1245 1870 1372 1910 antea,
1417 1864 1506 1902 loco

175 1942 384 1987 posuerant
431 1936 749 1982 lacessentesque
796 1930 947 1981 proelio
992 1931 1200 1967 Romanos
1243 1934 1415 1966 avertere
1456 1927 1506 1965 ab

177 1999 386 2039 obsidione
424 1998 679 2037 conabantur.
750 2009 798 2035 eo
837 1994 1025 2033 intentius
1066 1993 1234 2032 dictator
1272 1991 1311 2030 in
1351 1992 1544 2034 moenia3

178 2065 350 2104 hostium
391 2076 523 2102 versus
564 2063 604 2101 id
651 2063 800 2101 bellurn
848 2067 1002 2098 tantum
1046 2059 1202 2105 ducere,
1245 2071 1325 2108 quo
1369 2058 1506 2097 urbem

177 2130 443 2181 oppugnabat,
493 2126 664 2166 securior
710 2127 760 2165 ab
809 2124 1051 2164 Samnitibus
1098 2136 1224 2173 agere,
1274 2122 1507 2161 stationibus

179 2195 301 2234 modo
332 2192 533 2244 oppositis,
570 2205 621 2230 ne
654 2204 732 2241 qua
762 2190 802 2228 in
841 2197 967 2228 castra
996 2188 1053 2227 vis
1084 2189 1204 2227 fieret.
1264 2201 1312 2226 eo
1341 2187 1507 2226 ferocius
1526 2200 1547 2231 4

179 2260 407 2309 adequitare
436 2256 631 2297 Samnites
655 2257 757 2294 vallo
786 2268 916 2306 neque
942 2253 1067 2293 otium
1097 2254 1188 2304 pati.
1247 2260 1285 2292 et
1312 2266 1402 2291 cum
1431 2254 1507 2291 iarn

181 2338 302 2375 prope
350 2324 389 2361 in
433 2322 553 2374 portis
596 2328 812 2360 castrorum
856 2327 959 2360 esset
1007 2319 1140 2366 hostis,
1186 2318 1283 2356 nihil
1327 2319 1509 2357 consulto

183 2390 374 2429 dictatore
409 2387 591 2438 magister
619 2386 796 2436 equitum
831 2387 880 2434 Q.
917 2384 1057 2424 Aulius
1096 2385 1332 2423 Cerretanus
1353 2396 1508 2435 'magno
