1747 2620
820 119 866 156 T.
899 119 1015 158 LIVI

225 236 239 270 7
261 227 516 265 fluctuatione
537 226 759 265 animorum
779 227 947 278 opprimi
969 227 1148 266 incautos
1169 241 1297 278 posse.
1343 226 1403 264 his
1424 225 1587 264 auctori-

261 295 335 332 bus
357 301 464 332 mota
479 293 639 344 propius
667 301 792 332 castra
818 294 1007 345 missique
1029 295 1171 334 eodem
1197 302 1375 344 tempore
1396 292 1498 331 circa
1518 290 1590 329 tria

261 358 409 408 oppida
430 358 583 407 milites,
606 358 747 409 partim
774 359 924 407 armati,
947 359 1014 410 qui
1036 359 1180 398 occulti
1202 358 1424 409 propinqua
1444 356 1591 396 moeni-

262 424 335 462 bus
366 423 581 462 insiderent
611 425 708 471 loca,
740 424 881 474 partim
912 424 1034 474 togati
1064 425 1176 463 tectis
1206 431 1313 462 veste
1342 421 1491 473 gladiis,
1524 420 1592 471 qui

224 490 242 518 8
263 489 337 526 sub
356 490 486 528 lucem
507 489 649 539 apertis
670 489 792 539 portis
814 490 930 527 urbes
952 489 1258 539 ingrederentur.
1317 488 1368 526 ab
1394 487 1455 525 his
1476 486 1593 525 simul

263 555 448 593 custodes
465 554 649 593 trucidari
667 554 809 604 coepti,
828 554 944 592 simul
965 555 1102 592 datum
1120 554 1275 604 signum
1291 551 1460 598 armatis,
1484 557 1527 589 ut
1547 563 1594 589 ex

264 618 415 658 insidiis
441 627 730 659 concurrerent.
790 620 843 657 ita
868 627 1005 669 portae
1026 627 1243 670 occupatae
1270 618 1421 668 triaque
1447 615 1595 667 oppida

226 700 245 731 9
265 686 404 724 eadem
425 687 521 724 hora
542 687 765 735 eodemque
786 684 952 723 consilio
974 692 1100 735 capta.
1160 685 1230 723 sed
1251 683 1344 734 quia
1364 681 1594 722 absentibus

265 750 434 789 ducibus
469 750 638 800 impetus
674 757 731 788 est
767 751 902 796 factus,
935 751 1065 788 nullus
1101 751 1242 788 modus
1277 748 1465 787 caedibus
1499 745 1571 785 fuit
1587 761 1598 794 3

265 816 474 865 deletaque
495 817 704 853 Ausonum
725 828 820 865 gens
842 814 903 853 vix
928 822 1034 853 certo
1055 814 1288 854 defectionis
1317 812 1491 860 crimine,
1515 825 1596 863 per-

266 879 359 918 inde
379 893 425 918 ac
446 879 476 918 si
498 879 739 918 internecivo
760 880 865 918 bello
886 887 1083 918 certasset.

193 945 247 983 26
323 945 478 983 Eodem
499 958 605 983 anno
626 944 783 995 prodito
805 944 985 983 hostibus
1008 946 1193 983 Romano
1214 942 1410 995 praesidio
1433 942 1598 980 Luceria

232 1029 246 1049 2
267 1010 503 1049 Samnitium
524 1012 636 1049 facta.
697 1024 770 1049 nec
800 1009 868 1048 diu
899 1010 1166 1060 proditoribus
1197 1008 1392 1060 impunita
1422 1021 1481 1046 res
1503 1007 1598 1045 fuit:

267 1076 374 1114 haud
414 1077 549 1125 procul
586 1076 679 1115 inde
719 1075 909 1114 exercitus
950 1077 1156 1114 Romanus
1196 1082 1286 1121 erat,
1328 1073 1440 1112 cuius
1473 1071 1599 1122 primo

267 1139 417 1190 impetu
439 1141 531 1179 urbs
554 1140 627 1179 sita
646 1140 685 1179 in
707 1142 827 1191 plano
848 1140 1009 1191 capitur.
1062 1139 1245 1178 Lucerini
1265 1152 1311 1178 ac
1333 1137 1528 1178 Samnites
1548 1138 1599 1176 ad

233 1223 250 1253 3
268 1205 580 1245 internecionem
601 1206 715 1253 caesi,
740 1219 868 1257 eoque
889 1206 944 1244 ira
964 1205 1164 1256 processit,
1187 1210 1230 1243 ut
1252 1206 1406 1243 Romae
1427 1217 1598 1254 quoque,

269 1285 359 1310 cum
391 1273 441 1311 de
471 1271 622 1310 colonis
653 1272 856 1311 mittendis
888 1271 1094 1310 Luceriam
1125 1271 1395 1310 consuleretur
1429 1275 1599 1315 senatus,

231 1352 251 1382 4
272 1336 385 1375 multi
415 1338 627 1376 delendam
662 1337 800 1375 urbem
836 1344 1052 1376 censerent.
1123 1343 1274 1386 praeter
1308 1334 1455 1381 odium,
1492 1334 1602 1384 quod

271 1402 509 1441 exsecrabile
530 1402 569 1440 in
590 1402 650 1440 bis
667 1409 804 1452 captos
821 1409 911 1449 erat,
930 1400 1196 1452 longinquitas
1218 1414 1377 1451 quoque
1393 1400 1603 1438 abhorrere

271 1481 294 1506 a
314 1467 532 1518 relegandis
554 1475 634 1506 tam
658 1469 795 1517 procul
822 1468 873 1505 ab
894 1468 1016 1506 domo
1041 1466 1192 1505 civibus
1213 1465 1313 1504 inter
1341 1472 1421 1503 tam
1442 1464 1602 1503 infestas

235 1546 252 1576 5
271 1541 408 1584 gentes
429 1533 605 1584 cogebat.
648 1532 739 1571 vicit
756 1540 888 1571 tamen
910 1531 1114 1579 sententia,
1133 1539 1175 1570 ut
1192 1531 1438 1570 mitterentur
1458 1528 1601 1569 coloni.

273 1600 354 1637 duo
375 1598 482 1636 milia
502 1606 539 1637 et
561 1597 765 1648 quingenti
786 1597 904 1636 missi.

331 1665 485 1703 Eodem
506 1677 623 1710 anno,
646 1677 737 1701 cum
758 1663 892 1702 omnia
919 1662 1040 1702 infida
1066 1663 1258 1700 Romanis
1279 1668 1419 1709 essent,
1443 1660 1606 1711 Capuae

237 1738 257 1770 6
275 1742 434 1780 quoque
456 1729 634 1768 occultae
655 1728 876 1779 principum
898 1727 1187 1766 coniurationes
1208 1728 1345 1766 factae.
1391 1728 1441 1765 de
1461 1725 1605 1776 quibus

275 1807 366 1833 cum
387 1795 438 1832 ad
459 1800 639 1832 senatum
660 1794 825 1831 relatum
847 1800 958 1839 esset,
989 1793 1297 1843 haudquaquam
1325 1793 1503 1842 neglecta
1522 1804 1581 1829 res
1599 1805 1606 1828 ε

276 1859 527 1910 quaestiones
566 1860 757 1906 decretae,
802 1858 1115 1908 dictatoremque
1163 1856 1459 1907 quaestionibus
1505 1869 1607 1895 exer-

242 1940 258 1975 7
277 1924 413 1963 cendis
446 1923 524 1963 dici
562 1923 719 1974 placuit.
790 1924 834 1964 C.
873 1922 1055 1962 Maenius
1090 1922 1218 1961 dictus
1234 1937 1244 1970 3
1286 1922 1317 1960 is
1358 1923 1413 1959 M.
1450 1922 1606 1960 Folium

278 1990 506 2040 magistrum
546 1991 723 2041 equitum
764 1990 872 2029 dixit.
944 1990 1081 2040 ingens
1121 1997 1201 2028 erat
1241 1988 1486 2039 magistratus
1525 1988 1608 2027 eius

279 2062 408 2093 terror.
469 2055 611 2106 itaque,
644 2056 725 2094 sive
754 2055 785 2094 is
810 2055 926 2094 timor
953 2068 1021 2093 seu
1049 2053 1292 2093 conscientia
1317 2053 1400 2100 fuit,
1427 2052 1608 2092 Calavios

279 2119 423 2159 Ovium
465 2120 719 2171 Noviumque
734 2144 783 2149 --
798 2134 843 2159 ea
888 2119 1016 2169 capita
1060 2115 1340 2158 coniurationis
1380 2119 1532 2156 fuerant
1544 2141 1606 2163 w,

280 2184 506 2234 priusquam
528 2187 825 2225 nominarentur
843 2186 949 2235 apud
970 2184 1215 2231 dictatorem,
1238 2197 1342 2222 mors
1362 2184 1469 2222 haud
1490 2181 1610 2221 dubie

243 2254 261 2284 8
280 2249 331 2287 ab
362 2248 455 2299 ipsis
486 2249 661 2289 conscita
690 2249 837 2289 iudicio
869 2249 1069 2288 subtraxit.
1136 2248 1283 2288 deinde
1314 2255 1356 2286 ut
1390 2246 1610 2298 quaestioni

282 2315 510 2364 Campanae
546 2314 706 2353 materia
744 2314 923 2361 decessit,
959 2328 1067 2353 versa
1107 2316 1279 2353 Romam
1318 2313 1611 2363 interpretando

282 2392 341 2417 res
360 2393 366 2416 :
410 2393 490 2418 non
526 2379 758 2418 nominatim
792 2379 859 2429 qui
894 2381 1066 2429 Capuae,
1103 2380 1173 2418 sed
1208 2379 1246 2416 in
1282 2378 1505 2417 universum
1545 2377 1612 2426 qui
