1747 2620
831 120 876 156 T.
909 119 1025 157 LIVI

209 242 242 263 12
266 226 459 276 impubes,
511 225 692 264 homines
734 226 1016 277 iumentaque3
1062 240 1136 266 nec
1181 229 1304 265 ullum
1346 228 1599 278 superfuisset

265 291 422 337 animal,
460 290 500 328 ni
535 292 718 329 consules
753 291 927 341 receptui
962 291 1116 342 signum
1149 292 1351 331 dedissent
1382 293 1599 343 avidosque

267 355 398 394 caedis
429 355 572 394 milites
602 369 623 395 e
653 356 787 395 castris
817 356 990 395 hostium
1021 356 1186 407 imperio
1214 370 1260 395 ac
1290 357 1406 396 minis
1436 358 1599 408 expulis-

208 435 246 465 13
267 429 363 459 sent.
424 421 556 472 itaque
589 423 696 472 apud
727 421 902 460 infensos
933 423 986 461 ob
1020 421 1305 472 interpellatam
1345 423 1598 462 dulcedinem

266 486 344 525 irae
365 486 574 525 confestim
600 486 725 525 oratio
746 486 880 525 habita
909 494 981 535 est,
1002 494 1044 525 ut
1073 489 1280 526 doceretur
1304 487 1415 526 miles
1436 488 1599 527 minime

266 551 451 602 cuiquam
491 552 659 591 militum
699 553 881 591 consules
921 552 1014 591 odio
1062 552 1102 590 in
1149 554 1282 592 hostes
1328 553 1491 592 cessisse
1532 562 1600 592 aut

208 629 246 661 14
266 629 469 665 cessuros;
512 617 609 667 quin
644 618 765 655 duces
795 616 895 655 sicut
926 617 1030 664 belli,
1066 617 1120 656 ita
1154 617 1383 656 insatiabilis
1418 618 1600 669 supplicii

265 682 416 720 futuros
464 682 592 730 fuisse,
643 682 682 720 ni
731 690 930 733 respectus
978 682 1157 733 equitum
1205 691 1484 731 sescentorum,
1531 684 1600 734 qui

208 750 243 783 Ῐ5
267 746 455 785 Luceriae
477 747 636 786 obsides
659 754 893 795 tenerentur,
917 747 1185 798 praepedisset
1205 747 1369 795 animos,
1393 762 1443 787 ne
1464 750 1600 799 despe-

265 818 348 850 rata
368 811 481 850 venia
501 813 634 851 hostes
656 825 795 851 caecos
820 812 860 850 in
889 812 1080 863 supplicia
1107 827 1243 852 eorum
1269 821 1412 863 ageret,
1437 816 1599 864 perdere

209 885 246 916 16
267 876 373 926 prius
401 890 520 927 quam
550 877 675 928 perire
699 885 893 929 optantes.
952 880 1112 917 laudare
1139 892 1185 917 ea
1213 878 1356 917 milites
1385 879 1599 930 laetarique

267 942 424 981 obviam
445 942 543 981 itum
565 942 643 981 irae
665 956 757 982 suae
778 956 863 982 esse
891 956 936 982 ac
957 943 1067 982 fateri
1089 943 1222 982 omnia
1242 945 1428 994 patienda
1454 944 1597 994 potius,

266 1020 384 1057 quarn
406 1009 637 1058 proderetur
657 1010 760 1047 salus
781 1015 839 1047 tot
859 1008 1083 1059 principum
1106 1010 1313 1047 Romanae
1333 1008 1556 1048 iuventutis.

203 1075 245 1114 15
321 1072 495 1111 Dimissa
524 1072 711 1112 contione
741 1073 951 1111 consilium
984 1073 1175 1121 habitum,
1208 1073 1446 1113 omnibusne
1475 1074 1599 1125 copiis

266 1137 473 1176 Luceriam
495 1146 727 1188 premerent,
750 1152 801 1177 an
821 1140 943 1177 altero
964 1138 1135 1177 exercitu
1156 1146 1194 1177 et
1215 1140 1316 1177 duce
1337 1138 1458 1189 Apuli
1484 1139 1600 1188 circa,

229 1219 244 1240 2
264 1215 359 1252 gens
399 1202 545 1242 dubiae
587 1204 638 1242 ad
682 1203 724 1242 id
770 1203 994 1251 voluntatis,
1035 1211 1328 1254 temptarentur.
1407 1204 1599 1243 Publilius

265 1270 404 1307 consul
437 1270 489 1307 ad
523 1270 807 1319 peragrandam
841 1270 1040 1319 profectus
1074 1269 1260 1320 Apuliam
1298 1268 1449 1319 aliquot
1488 1283 1600 1320 expe-

265 1333 416 1372 ditione
447 1347 527 1372 una
560 1334 729 1384 populos
760 1341 827 1372 aut
858 1334 894 1372 vi
927 1334 1081 1384 subegit
1114 1341 1182 1373 aut
1216 1333 1520 1372 condicionibus
1559 1334 1599 1372 in

229 1412 247 1443 3
267 1399 495 1438 societatem
517 1398 679 1449 accepit.
740 1398 896 1449 Papirio
918 1413 1088 1450 quoque,
1113 1399 1179 1449 qui
1201 1400 1383 1438 obsessor
1410 1399 1599 1438 Luceriae

265 1465 466 1512 restiterat,
497 1463 605 1503 brevi
635 1465 685 1502 ad
713 1477 824 1514 spem
852 1471 1015 1503 eventus
1045 1463 1258 1514 respondit.
1319 1477 1410 1502 nam
1440 1463 1598 1502 insessis

265 1529 450 1568 omnibus
484 1528 567 1576 viis,
603 1542 671 1579 per
709 1542 806 1578 quas
845 1536 1090 1568 commeatus
1129 1543 1175 1568 ex
1213 1529 1375 1568 Samnio
1410 1530 1599 1568 subvehe-

266 1595 418 1641 bantur,
454 1595 557 1633 fame
592 1593 733 1632 domiti
765 1595 972 1641 Samnites,
1006 1594 1073 1644 qui
1106 1594 1295 1633 Luceriae
1329 1594 1368 1632 in
1403 1594 1599 1644 praesidio

265 1666 385 1707 erant,
417 1660 565 1709 legatos
597 1658 736 1697 misere
765 1660 816 1698 ad
846 1661 1049 1698 consulem
1086 1661 1326 1706 Romanum,
1360 1667 1401 1697 ut
1433 1658 1599 1710 receptis

227 1737 246 1766 4
266 1724 475 1774 equitibus,
509 1723 577 1773 qui
601 1736 719 1761 causa
749 1723 841 1762 belli
872 1731 1012 1771 essent,
1039 1723 1244 1762 absisteret
1274 1723 1494 1763 obsidione.
1554 1724 1599 1763 iis

268 1789 444 1839 Papirius
485 1789 537 1827 ita
571 1788 797 1838 respondit:
842 1788 1027 1827 debuisse
1059 1801 1127 1827 eos
1168 1788 1365 1834 Pontium,
1404 1788 1598 1827 Herennii

267 1853 401 1902 filium,
432 1866 511 1903 quo
538 1860 698 1892 auctore
726 1854 932 1892 Romanos
963 1853 1036 1891 sub
1063 1852 1197 1903 iugum
1223 1852 1430 1901 misissent,
1460 1866 1599 1892 consu-

230 1930 246 1961 5
266 1921 356 1967 lere,
379 1918 475 1969 quid
502 1918 614 1957 victis
639 1917 872 1968 patiendum
898 1925 1075 1957 censeret
1093 1932 1103 1966 3
1133 1925 1307 1957 ceterum
1332 1917 1520 1968 quoniam
1547 1919 1598 1956 ab

266 1984 445 2022 hostibus
467 1983 506 2021 in
528 1997 569 2022 se
589 1996 716 2033 aequa
745 1982 862 2021 statui
892 1996 1011 2032 quam
1036 1982 1075 2020 in
1097 1996 1138 2021 se
1165 1982 1238 2033 ipsi
1259 1984 1357 2021 ferre
1377 1982 1596 2029 maluerint,

267 2048 446 2087 nuntiare
475 2048 681 2086 Luceriam
709 2047 830 2095 iussit,
857 2061 975 2095 arma,
1005 2047 1186 2096 sarcinas,
1216 2047 1401 2094 iumenta,
1429 2047 1599 2086 multitu-

229 2122 249 2153 6
269 2114 405 2153 dinem
422 2127 583 2152 omnem
604 2113 805 2152 imbellem
822 2112 922 2151 intra
938 2112 1096 2152 moenia
1116 2112 1399 2163 relinquerent3
1435 2112 1597 2151 militem

270 2193 311 2218 se
331 2192 422 2217 cum
451 2178 611 2229 singulis
636 2177 880 2217 vestimentis
907 2178 981 2216 sub
1010 2178 1145 2228 iugum
1166 2177 1389 2224 missurum,
1411 2177 1600 2216 ulciscen-

268 2252 348 2282 tem
389 2243 561 2290 inlatam‚
603 2256 684 2281 non
723 2256 866 2281 novam
906 2242 1138 2282 inferentem
1176 2242 1445 2293 ignominiam.
1501 2243 1598 2281 nihil

233 2316 502 2356 7recusatum.
562 2315 713 2358 septem
741 2307 847 2346 milia
874 2307 1043 2346 militum
1072 2309 1145 2347 sub
1172 2308 1306 2358 iugum
1333 2308 1461 2355 missa,
1492 2321 1598 2357 prae-

269 2375 400 2424 daque
425 2373 561 2423 ingens
585 2372 771 2411 Luceriae
796 2379 911 2422 capta
937 2373 1102 2422 receptis
1124 2373 1308 2411 omnibus
1330 2372 1447 2423 signis
1467 2372 1598 2410 armis-
