1747 2620
795 94 840 129 T.
875 93 990 130 LIVI

175 211 208 232 11
230 199 468 248 adsequitur.
530 206 688 249 postero
722 199 787 238 die
821 202 907 238 luce
940 200 1064 250 prima
1095 201 1183 252 iuga
1219 200 1379 241 Ciminii
1415 201 1560 240 montis

231 264 400 302 tenebat.
461 263 554 302 inde
575 265 865 314 contemplatus
893 266 1081 315 opulenta
1103 265 1281 304 Etruriae
1302 279 1392 304 arva
1417 265 1560 304 milites

173 345 208 366 12
229 329 382 368 emittit.
442 328 590 380 ingenti
615 328 694 368 iam
719 330 859 369 abacta
879 332 1025 380 praeda
1049 330 1324 370 tumultuariae
1349 330 1560 381 agrestium

231 396 486 433 Etruscorum
521 395 703 434 cohortes
739 402 901 445 repente
933 409 956 432 a
990 394 1234 446 principibus
1270 395 1437 446 regionis
1477 395 1560 434 eius

229 461 448 499 concitatae
463 460 655 499 Romanis
670 467 879 499 occurrunt
892 461 994 499 adeo
1008 460 1306 510 incompositae,
1326 468 1368 499 ut
1381 460 1560 499 vindices

173 537 209 567 13
229 526 461 575 praedarum
482 539 605 576 prope
621 524 693 575 ipsi
715 526 884 575 praedae
906 524 1058 563 fuerint.
1119 525 1242 564 caesis
1259 525 1480 576 fugatisque
1501 525 1558 572 iis,

228 590 305 628 late
332 591 575 640 depopulato
602 603 694 640 agro
724 589 847 628 victor
879 592 1085 629 Romanus
1110 592 1401 641 opulentusque
1432 603 1560 629 rerum

172 671 210 702 14
229 654 408 693 omnium
444 655 559 706 copia
593 654 632 693 in
665 662 790 694 castra
828 655 954 694 rediit.
1013 669 1061 694 eo
1095 657 1194 695 forte
1233 655 1410 706 quinque
1444 655 1560 706 legati

228 732 317 757 cum
352 720 509 758 duobus
544 718 709 758 tribunis
741 719 867 769 plebis
905 727 1093 758 venerant
1124 720 1401 760 denuntiatum
1437 720 1561 759 Fabio

229 792 386 823 senatus
435 784 573 832 verbis,
620 799 670 823 ne
719 786 859 823 saltum
909 784 1126 824 Ciminium
1171 785 1359 824 transiret.
1430 784 1562 823 laetati

228 850 349 888 serius
375 864 426 897 se,
456 864 575 900 quam
597 858 639 888 ut
659 849 851 900 impedire
873 850 1020 889 bellum
1042 858 1216 900 possent,
1239 850 1404 897 venisse,
1433 849 1561 888 nuntii

229 912 414 951 victoriae
437 915 609 951 Romam
631 920 885 951 revertuntur.

156 986 211 1029 37
290 980 380 1016 Hac
410 977 662 1028 expeditione
691 977 864 1016 consulis
896 984 1048 1015 motum
1078 977 1193 1016 latius
1224 985 1304 1016 erat
1334 991 1452 1027 quam
1478 991 1563 1027 pro-

230 1042 404 1092 fligatum
436 1043 609 1090 bellumg
640 1042 898 1081 vastationem
924 1056 1096 1093 namque
1125 1043 1198 1081 sub
1226 1042 1387 1083 Ciminii
1416 1042 1562 1081 montis

228 1107 425 1146 radicibus
465 1107 596 1146 iacens
631 1121 698 1146 ora
732 1115 919 1156 senserat,
953 1108 1256 1158 conciveratque
1290 1108 1562 1159 indignatione

192 1190 206 1212 2
227 1186 308 1211 non
332 1172 509 1211 Etruriae
540 1173 662 1211 modo
689 1174 858 1223 populos
881 1174 950 1212 sed
972 1172 1164 1212 Umbriae
1192 1172 1368 1212 finitima.
1428 1172 1562 1224 itaque

227 1245 398 1288 quantus
433 1251 514 1276 non
550 1251 740 1288 umquam
774 1244 891 1276 antea
920 1237 1111 1276 exercitus
1140 1239 1191 1276 ad
1227 1237 1399 1276 Sutrium
1430 1237 1562 1286 venit,

228 1316 358 1352 neque
401 1316 422 1340 e
461 1301 566 1340 silvis
611 1303 890 1340 tantummodo
929 1309 1110 1352 promota
1154 1309 1289 1348 castra,
1329 1304 1399 1341 sed
1443 1302 1561 1340 etiam

228 1367 414 1406 aviditate
439 1366 655 1405 dimicandi
684 1380 802 1417 quam
828 1366 998 1417 primum
1030 1366 1069 1404 in
1094 1380 1256 1417 campos
1287 1368 1417 1406 delata
1443 1368 1559 1406 acies.

192 1433 375 1473 3deinde
414 1433 603 1471 instructa
641 1432 769 1483 primo
815 1446 886 1471 suo
926 1440 1026 1471 stare
1065 1434 1164 1479 loco,
1207 1431 1342 1471 relicto
1380 1432 1561 1471 hostibus

228 1499 279 1536 ad
310 1497 583 1536 instruendum
614 1504 750 1535 contra
780 1497 930 1547 spatio,
964 1497 1069 1544 dein,
1101 1504 1311 1547 postquam
1345 1499 1562 1536 detractare

190 1581 209 1610 4
230 1564 385 1601 hostem
409 1575 564 1601 sensere
585 1575 769 1612 pugnam,
792 1562 843 1600 ad
865 1563 1009 1599 vallum
1026 1562 1207 1600 subeunt.
1262 1561 1329 1600 ubi
1351 1569 1561 1612 postquam

229 1627 418 1666 stationes
439 1640 600 1677 quoque
625 1634 800 1677 receptas
827 1626 926 1665 intra
951 1626 1197 1665 munimenta
1224 1640 1391 1675 sensere,
1414 1629 1563 1666 clamor

228 1701 390 1744 repente
420 1693 522 1732 circa
549 1694 670 1732 duces
699 1700 815 1740 ortus,
845 1700 887 1730 ut
916 1705 964 1731 eo
994 1691 1068 1730 sibi
1093 1706 1114 1730 e
1143 1691 1278 1730 castris
1308 1691 1454 1731 cibaria
1479 1692 1562 1732 eius

227 1759 291 1798 die
318 1758 459 1798 deferri
487 1758 690 1797 iuberent:
727 1771 931 1797 mansuros
959 1771 1000 1796 se
1031 1757 1105 1796 sub
1136 1757 1253 1796 armis
1283 1765 1321 1796 et
1350 1765 1416 1796 aut
1446 1766 1563 1798 nocte

192 1831 296 1872 5aut
334 1831 438 1862 certe
483 1825 570 1862 luce
608 1822 734 1874 prima
772 1830 897 1861 castra
935 1821 1109 1861 hostium
1153 1821 1366 1861 invasuros.
1438 1823 1562 1862 nihilo

229 1889 398 1939 quietior
450 1891 657 1928 Romanus
710 1888 901 1928 exercitus
950 1887 1115 1938 imperio
1163 1887 1275 1927 ducis
1327 1888 1564 1927 continetur.

230 1955 385 1994 decima
429 1962 509 1993 erat
548 1956 627 1993 fere
665 1953 745 1993 diei
789 1955 895 2001 hora,
937 1967 1027 1992 cum
1067 1952 1201 1991 cibum
1246 1966 1385 2004 capere
1423 1956 1562 1993 consul

231 2019 372 2058 milites
403 2019 511 2058 iubet
526 2034 536 2067 3
570 2018 768 2069 praecipit,
800 2026 841 2057 ut
871 2017 910 2056 in
941 2017 1058 2056 armis
1085 2018 1172 2065 sint,
1205 2031 1457 2068 quacumque
1484 2018 1562 2057 diei

191 2097 210 2128 6
232 2084 408 2123 noctisve
439 2085 536 2122 hora
570 2083 724 2134 signum
757 2082 936 2131 dederit3
974 2081 1108 2132 paucis
1148 2081 1290 2121 milites
1323 2082 1560 2133 adloquitur,

231 2148 466 2189 Samnitium
490 2149 592 2187 bella
612 2148 773 2195 extollit,
796 2150 921 2187 elevat
943 2149 1132 2186 Etruscos
1147 2162 1156 2195 3
1185 2160 1259 2186 nec
1280 2149 1435 2186 hostem
1457 2148 1561 2187 hosti

231 2227 304 2253 nec
326 2212 620 2251 multitudinem
643 2212 885 2251 multitudini
906 2213 1216 2263 comparandam
1236 2213 1290 2250 ait
1306 2225 1316 2260 3
1344 2225 1430 2251 esse
1454 2226 1561 2263 prae—

231 2286 336 2318 terea
370 2280 490 2317 telum
522 2277 629 2316 aliud
656 2279 856 2316 occultum
872 2292 882 2325 ,-
915 2276 1080 2316 scituros
1110 2276 1147 2315 in
1180 2284 1382 2327 tempore3
1414 2276 1562 2316 interea

196 2342 351 2393 7taceri
386 2356 485 2393 opus
521 2356 637 2381 essex
677 2341 736 2379 his
766 2341 999 2391 ambagibus
1030 2341 1143 2391 prodi
1174 2340 1385 2380 simulabat
1415 2343 1558 2390 hostes,
