<?xml version="1.0" encoding="UTF-8"?>
<!DOCTYPE html PUBLIC "-//W3C//DTD XHTML 1.0 Transitional//EN"
    "http://www.w3.org/TR/xhtml1/DTD/xhtml1-transitional.dtd">
<html xmlns="http://www.w3.org/1999/xhtml" xml:lang="en" lang="en">
 <head>
  <title>
</title>
<meta http-equiv="Content-Type" content="text/html;charset=utf-8" />
  <meta name='ocr-system' content='tesseract 3.04.00' />
  <meta name='ocr-capabilities' content='ocr_page ocr_carea ocr_par ocr_line ocrx_word'/>
</head>
<body>
  <div class='ocr_page' id='page_1' title='image "./aburbeconditalib00livyuoft_0078.png"; bbox 0 0 1747 2620; ppageno 0'>
   <div class='ocr_carea' id='block_1_1' title="bbox 799 98 994 136">
    <p class='ocr_par' dir='ltr' id='par_1_1' title="bbox 799 98 994 136">
     <span class='ocr_line' id='line_1_1' title="bbox 799 98 994 136; baseline 0.015 -3"><span class='ocrx_word' id='word_1_1' title='bbox 799 98 846 135; x_wconf 91' lang='lat' dir='ltr'>T.</span> <span class='ocrx_word' id='word_1_2' title='bbox 879 98 994 136; x_wconf 93' lang='lat' dir='ltr'>LIVI</span> 
     </span>
    </p>
   </div>
   <div class='ocr_carea' id='block_1_2' title="bbox 141 197 1566 2473">
    <p class='ocr_par' dir='ltr' id='par_1_2' title="bbox 141 197 1566 2473">
     <span class='ocr_line' id='line_1_2' title="bbox 180 197 1565 256; baseline 0.008 -22"><span class='ocrx_word' id='word_1_3' title='bbox 180 212 218 242; x_wconf 84' lang='lat'>14</span> <span class='ocrx_word' id='word_1_4' title='bbox 237 197 386 238; x_wconf 85' lang='lat' dir='ltr'>invadit</span> <span class='ocrx_word' id='word_1_5' title='bbox 407 202 612 241; x_wconf 88' lang='lat' dir='ltr'>clamitans</span> <span class='ocrx_word' id='word_1_6' title='bbox 634 216 832 242; x_wconf 90' lang='lat' dir='ltr'>summum</span> <span class='ocrx_word' id='word_1_7' title='bbox 855 205 1043 256; x_wconf 87' lang='lat' dir='ltr'>flagitium</span> <span class='ocrx_word' id='word_1_8' title='bbox 1066 207 1158 253; x_wconf 86' lang='lat' dir='ltr'>fore,</span> <span class='ocrx_word' id='word_1_9' title='bbox 1182 207 1213 245; x_wconf 85' lang='lat' dir='ltr'>si</span> <span class='ocrx_word' id='word_1_10' title='bbox 1240 208 1404 246; x_wconf 87' lang='lat' dir='ltr'>alterum</span> <span class='ocrx_word' id='word_1_11' title='bbox 1425 207 1565 245; x_wconf 85' lang='lat' dir='ltr'>exerci-</span> 
     </span>
     <span class='ocr_line' id='line_1_3' title="bbox 238 265 1566 321; baseline 0.008 -20"><span class='ocrx_word' id='word_1_12' title='bbox 238 270 320 301; x_wconf 88' lang='lat' dir='ltr'>tum</span> <span class='ocrx_word' id='word_1_13' title='bbox 343 265 546 316; x_wconf 89' lang='lat' dir='ltr'>utriusque</span> <span class='ocrx_word' id='word_1_14' title='bbox 566 267 751 308; x_wconf 87' lang='lat' dir='ltr'>victoriae</span> <span class='ocrx_word' id='word_1_15' title='bbox 776 278 1001 321; x_wconf 88' lang='lat' dir='ltr'>compotem</span> <span class='ocrx_word' id='word_1_16' title='bbox 1030 271 1200 310; x_wconf 80' lang='lat' dir='ltr'>sinerent</span> <span class='ocrx_word' id='word_1_17' title='bbox 1230 272 1311 311; x_wconf 91' lang='lat' dir='ltr'>fieri</span> <span class='ocrx_word' id='word_1_18' title='bbox 1341 286 1414 311; x_wconf 89' lang='lat' dir='ltr'>nec</span> <span class='ocrx_word' id='word_1_19' title='bbox 1443 273 1495 310; x_wconf 88' lang='lat' dir='ltr'>ad</span> <span class='ocrx_word' id='word_1_20' title='bbox 1524 285 1566 310; x_wconf 86' lang='lat' dir='ltr'>se</span> 
     </span>
     <span class='ocr_line' id='line_1_4' title="bbox 179 328 1566 387; baseline 0.009 -23"><span class='ocrx_word' id='word_1_21' title='bbox 179 343 214 374; x_wconf 83' lang='lat'>15</span> <span class='ocrx_word' id='word_1_22' title='bbox 236 328 295 366; x_wconf 90' lang='lat' dir='ltr'>sui</span> <span class='ocrx_word' id='word_1_23' title='bbox 316 329 408 368; x_wconf 91' lang='lat' dir='ltr'>belli</span> <span class='ocrx_word' id='word_1_24' title='bbox 430 331 675 372; x_wconf 87' lang='lat' dir='ltr'>vindicarent</span> <span class='ocrx_word' id='word_1_25' title='bbox 696 335 828 373; x_wconf 91' lang='lat' dir='ltr'>decus.</span> <span class='ocrx_word' id='word_1_26' title='bbox 888 349 966 385; x_wconf 90' lang='lat' dir='ltr'>qua</span> <span class='ocrx_word' id='word_1_27' title='bbox 986 335 1178 386; x_wconf 88' lang='lat' dir='ltr'>impetum</span> <span class='ocrx_word' id='word_1_28' title='bbox 1199 337 1372 384; x_wconf 79' lang='lat' dir='ltr'><strong>dederat,</strong></span> <span class='ocrx_word' id='word_1_29' title='bbox 1395 350 1566 387; x_wconf 87' lang='lat' dir='ltr'>perrum-</span> 
     </span>
     <span class='ocr_line' id='line_1_5' title="bbox 234 392 1565 448; baseline 0.008 -18"><span class='ocrx_word' id='word_1_30' title='bbox 234 392 291 442; x_wconf 88' lang='lat' dir='ltr'>pit</span> <span class='ocrx_word' id='word_1_31' title='bbox 311 393 517 446; x_wconf 80' lang='lat' dir='ltr'>aciemque</span> <span class='ocrx_word' id='word_1_32' title='bbox 538 410 607 448; x_wconf 91' lang='lat' dir='ltr'>per</span> <span class='ocrx_word' id='word_1_33' title='bbox 628 399 799 438; x_wconf 90' lang='lat' dir='ltr'>mediam</span> <span class='ocrx_word' id='word_1_34' title='bbox 828 399 867 438; x_wconf 90' lang='lat' dir='ltr'>in</span> <span class='ocrx_word' id='word_1_35' title='bbox 889 408 1014 438; x_wconf 89' lang='lat' dir='ltr'>castra</span> <span class='ocrx_word' id='word_1_36' title='bbox 1042 400 1214 439; x_wconf 89' lang='lat' dir='ltr'>hostium</span> <span class='ocrx_word' id='word_1_37' title='bbox 1236 401 1363 440; x_wconf 88' lang='lat' dir='ltr'>tendit</span> <span class='ocrx_word' id='word_1_38' title='bbox 1383 410 1421 440; x_wconf 91' lang='lat' dir='ltr'>et</span> <span class='ocrx_word' id='word_1_39' title='bbox 1441 415 1565 440; x_wconf 89' lang='lat' dir='ltr'>vacua</span> 
     </span>
     <span class='ocr_line' id='line_1_6' title="bbox 178 459 1565 516; baseline 0.006 -20"><span class='ocrx_word' id='word_1_40' title='bbox 178 466 215 497; x_wconf 90' lang='lat'>16</span> <span class='ocrx_word' id='word_1_41' title='bbox 234 459 507 500; x_wconf 80' lang='lat' dir='ltr'>defensoribus</span> <span class='ocrx_word' id='word_1_42' title='bbox 546 463 650 514; x_wconf 83' lang='lat' dir='ltr'>capit</span> <span class='ocrx_word' id='word_1_43' title='bbox 695 471 813 514; x_wconf 90' lang='lat' dir='ltr'>atque</span> <span class='ocrx_word' id='word_1_44' title='bbox 852 464 1039 504; x_wconf 83' lang='lat' dir='ltr'>incendit.</span> <span class='ocrx_word' id='word_1_45' title='bbox 1114 479 1216 515; x_wconf 89' lang='lat' dir='ltr'>quae</span> <span class='ocrx_word' id='word_1_46' title='bbox 1254 465 1321 504; x_wconf 91' lang='lat' dir='ltr'>ubi</span> <span class='ocrx_word' id='word_1_47' title='bbox 1364 466 1565 516; x_wconf 87' lang='lat' dir='ltr'>flagrantia</span> 
     </span>
     <span class='ocr_line' id='line_1_7' title="bbox 234 524 1562 582; baseline 0.007 -21"><span class='ocrx_word' id='word_1_48' title='bbox 234 524 461 565; x_wconf 89' lang='lat' dir='ltr'>Marcianus</span> <span class='ocrx_word' id='word_1_49' title='bbox 479 529 590 566; x_wconf 88' lang='lat' dir='ltr'>miles</span> <span class='ocrx_word' id='word_1_50' title='bbox 611 529 817 579; x_wconf 81' lang='lat' dir='ltr'>conspexit</span> <span class='ocrx_word' id='word_1_51' title='bbox 837 537 876 569; x_wconf 90' lang='lat' dir='ltr'>et</span> <span class='ocrx_word' id='word_1_52' title='bbox 905 531 1040 569; x_wconf 89' lang='lat' dir='ltr'>hostes</span> <span class='ocrx_word' id='word_1_53' title='bbox 1068 543 1282 581; x_wconf 80' lang='lat' dir='ltr'>respexere,</span> <span class='ocrx_word' id='word_1_54' title='bbox 1306 538 1390 570; x_wconf 91' lang='lat' dir='ltr'>tum</span> <span class='ocrx_word' id='word_1_55' title='bbox 1417 532 1562 582; x_wconf 89' lang='lat' dir='ltr'>passim</span> 
     </span>
     <span class='ocr_line' id='line_1_8' title="bbox 232 590 1564 645; baseline 0.007 -17"><span class='ocrx_word' id='word_1_56' title='bbox 232 590 323 640; x_wconf 88' lang='lat' dir='ltr'>fuga</span> <span class='ocrx_word' id='word_1_57' title='bbox 343 599 484 642; x_wconf 88' lang='lat' dir='ltr'>coepta</span> <span class='ocrx_word' id='word_1_58' title='bbox 505 593 741 632; x_wconf 89' lang='lat' dir='ltr'>Samnitium</span> <span class='ocrx_word' id='word_1_59' title='bbox 760 595 841 633; x_wconf 86' lang='lat' dir='ltr'>fieri</span> <span class='ocrx_word' id='word_1_60' title='bbox 856 610 866 643; x_wconf 78' lang='lat'>,-</span> <span class='ocrx_word' id='word_1_61' title='bbox 897 596 966 634; x_wconf 91' lang='lat' dir='ltr'>sed</span> <span class='ocrx_word' id='word_1_62' title='bbox 987 595 1121 635; x_wconf 90' lang='lat' dir='ltr'>omnia</span> <span class='ocrx_word' id='word_1_63' title='bbox 1141 596 1294 636; x_wconf 87' lang='lat' dir='ltr'>obtinet</span> <span class='ocrx_word' id='word_1_64' title='bbox 1314 599 1467 645; x_wconf 81' lang='lat' dir='ltr'>caedes,</span> <span class='ocrx_word' id='word_1_65' title='bbox 1490 612 1564 638; x_wconf 91' lang='lat' dir='ltr'>nec</span> 
     </span>
     <span class='ocr_line' id='line_1_9' title="bbox 176 653 1564 713; baseline 0.008 -22"><span class='ocrx_word' id='word_1_66' title='bbox 176 666 213 700; x_wconf 92' lang='lat'>17</span> <span class='ocrx_word' id='word_1_67' title='bbox 231 653 271 692; x_wconf 91' lang='lat' dir='ltr'>in</span> <span class='ocrx_word' id='word_1_68' title='bbox 293 657 411 694; x_wconf 87' lang='lat' dir='ltr'>ullam</span> <span class='ocrx_word' id='word_1_69' title='bbox 433 665 583 707; x_wconf 89' lang='lat' dir='ltr'>partem</span> <span class='ocrx_word' id='word_1_70' title='bbox 612 666 738 697; x_wconf 92' lang='lat' dir='ltr'>tutum</span> <span class='ocrx_word' id='word_1_71' title='bbox 761 660 982 711; x_wconf 86' lang='lat' dir='ltr'>perfugium</span> <span class='ocrx_word' id='word_1_72' title='bbox 1004 668 1072 700; x_wconf 88' lang='lat' dir='ltr'>est.</span> <span class='ocrx_word' id='word_1_73' title='bbox 1132 661 1208 700; x_wconf 88' lang='lat' dir='ltr'>iam</span> <span class='ocrx_word' id='word_1_74' title='bbox 1230 661 1386 713; x_wconf 87' lang='lat' dir='ltr'>triginta</span> <span class='ocrx_word' id='word_1_75' title='bbox 1406 663 1564 703; x_wconf 89' lang='lat' dir='ltr'>milibus</span> 
     </span>
     <span class='ocr_line' id='line_1_10' title="bbox 232 720 1565 780; baseline 0.008 -22"><span class='ocrx_word' id='word_1_76' title='bbox 232 720 404 760; x_wconf 88' lang='lat' dir='ltr'>hostium</span> <span class='ocrx_word' id='word_1_77' title='bbox 436 723 559 762; x_wconf 87' lang='lat' dir='ltr'>caesis</span> <span class='ocrx_word' id='word_1_78' title='bbox 589 724 744 774; x_wconf 88' lang='lat' dir='ltr'>signum</span> <span class='ocrx_word' id='word_1_79' title='bbox 775 726 950 776; x_wconf 89' lang='lat' dir='ltr'>receptui</span> <span class='ocrx_word' id='word_1_80' title='bbox 980 729 1163 766; x_wconf 87' lang='lat' dir='ltr'>consules</span> <span class='ocrx_word' id='word_1_81' title='bbox 1193 728 1384 767; x_wconf 88' lang='lat' dir='ltr'>dederant</span> <span class='ocrx_word' id='word_1_82' title='bbox 1411 728 1565 780; x_wconf 86' lang='lat' dir='ltr'>collige-</span> 
     </span>
     <span class='ocr_line' id='line_1_11' title="bbox 231 783 1562 843; baseline 0.007 -21"><span class='ocrx_word' id='word_1_83' title='bbox 231 783 405 836; x_wconf 89' lang='lat' dir='ltr'>bantque</span> <span class='ocrx_word' id='word_1_84' title='bbox 436 787 475 825; x_wconf 87' lang='lat' dir='ltr'>in</span> <span class='ocrx_word' id='word_1_85' title='bbox 506 802 629 827; x_wconf 89' lang='lat' dir='ltr'>unum</span> <span class='ocrx_word' id='word_1_86' title='bbox 659 789 793 840; x_wconf 89' lang='lat' dir='ltr'>copias</span> <span class='ocrx_word' id='word_1_87' title='bbox 824 790 863 828; x_wconf 89' lang='lat' dir='ltr'>in</span> <span class='ocrx_word' id='word_1_88' title='bbox 891 790 1017 829; x_wconf 89' lang='lat' dir='ltr'>vicem</span> <span class='ocrx_word' id='word_1_89' title='bbox 1049 791 1148 830; x_wconf 80' lang='lat' dir='ltr'>inter</span> <span class='ocrx_word' id='word_1_90' title='bbox 1175 805 1215 831; x_wconf 92' lang='lat' dir='ltr'>se</span> <span class='ocrx_word' id='word_1_91' title='bbox 1241 800 1448 843; x_wconf 81' lang='lat' dir='ltr'>gratantes,</span> <span class='ocrx_word' id='word_1_92' title='bbox 1471 806 1562 831; x_wconf 89' lang='lat' dir='ltr'>cum</span> 
     </span>
     <span class='ocr_line' id='line_1_12' title="bbox 230 852 1564 909; baseline 0.007 -22"><span class='ocrx_word' id='word_1_93' title='bbox 230 858 391 900; x_wconf 86' lang='lat' dir='ltr'>repente</span> <span class='ocrx_word' id='word_1_94' title='bbox 412 852 516 891; x_wconf 86' lang='lat' dir='ltr'>visae</span> <span class='ocrx_word' id='word_1_95' title='bbox 546 856 682 903; x_wconf 92' lang='lat' dir='ltr'>procul</span> <span class='ocrx_word' id='word_1_96' title='bbox 712 855 886 894; x_wconf 90' lang='lat' dir='ltr'>hostium</span> <span class='ocrx_word' id='word_1_97' title='bbox 917 869 1042 895; x_wconf 89' lang='lat' dir='ltr'>novae</span> <span class='ocrx_word' id='word_1_98' title='bbox 1063 858 1257 905; x_wconf 87' lang='lat' dir='ltr'>cohortes,</span> <span class='ocrx_word' id='word_1_99' title='bbox 1281 871 1382 908; x_wconf 89' lang='lat' dir='ltr'>quae</span> <span class='ocrx_word' id='word_1_100' title='bbox 1408 857 1448 896; x_wconf 91' lang='lat' dir='ltr'>in</span> <span class='ocrx_word' id='word_1_101' title='bbox 1477 871 1564 909; x_wconf 92' lang='lat' dir='ltr'>sup-</span> 
     </span>
     <span class='ocr_line' id='line_1_13' title="bbox 141 915 1563 973; baseline 0.007 -22"><span class='ocrx_word' id='word_1_102' title='bbox 141 916 148 921; x_wconf 86' lang='lat'>&#39;</span> <span class='ocrx_word' id='word_1_103' title='bbox 175 921 212 951; x_wconf 89' lang='lat'>18</span> <span class='ocrx_word' id='word_1_104' title='bbox 231 915 475 964; x_wconf 89' lang='lat' dir='ltr'>plementum</span> <span class='ocrx_word' id='word_1_105' title='bbox 505 917 671 969; x_wconf 80' lang='lat' dir='ltr'>scriptae</span> <span class='ocrx_word' id='word_1_106' title='bbox 701 920 864 968; x_wconf 87' lang='lat' dir='ltr'>fuerant,</span> <span class='ocrx_word' id='word_1_107' title='bbox 891 920 1131 972; x_wconf 86' lang='lat' dir='ltr'>integravere</span> <span class='ocrx_word' id='word_1_108' title='bbox 1161 923 1335 961; x_wconf 89' lang='lat' dir='ltr'>caedem.</span> <span class='ocrx_word' id='word_1_109' title='bbox 1396 922 1435 961; x_wconf 88' lang='lat' dir='ltr'>in</span> <span class='ocrx_word' id='word_1_110' title='bbox 1466 936 1563 973; x_wconf 89' lang='lat' dir='ltr'>quas</span> 
     </span>
     <span class='ocr_line' id='line_1_14' title="bbox 231 980 1563 1036; baseline 0.008 -19"><span class='ocrx_word' id='word_1_111' title='bbox 231 992 305 1017; x_wconf 87' lang='lat' dir='ltr'>nec</span> <span class='ocrx_word' id='word_1_112' title='bbox 326 980 432 1020; x_wconf 89' lang='lat' dir='ltr'>iussu</span> <span class='ocrx_word' id='word_1_113' title='bbox 454 984 663 1022; x_wconf 89' lang='lat' dir='ltr'>consulum</span> <span class='ocrx_word' id='word_1_114' title='bbox 684 998 758 1024; x_wconf 87' lang='lat' dir='ltr'>nec</span> <span class='ocrx_word' id='word_1_115' title='bbox 774 985 886 1035; x_wconf 87' lang='lat' dir='ltr'>signo</span> <span class='ocrx_word' id='word_1_116' title='bbox 906 994 1071 1036; x_wconf 89' lang='lat' dir='ltr'>accepto</span> <span class='ocrx_word' id='word_1_117' title='bbox 1092 986 1258 1026; x_wconf 88' lang='lat' dir='ltr'>victores</span> <span class='ocrx_word' id='word_1_118' title='bbox 1279 988 1438 1036; x_wconf 87' lang='lat' dir='ltr'>vadunt,</span> <span class='ocrx_word' id='word_1_119' title='bbox 1459 990 1563 1027; x_wconf 89' lang='lat' dir='ltr'>malo</span> 
     </span>
     <span class='ocr_line' id='line_1_15' title="bbox 175 1043 1565 1103; baseline 0.008 -22"><span class='ocrx_word' id='word_1_120' title='bbox 175 1061 211 1094; x_wconf 90' lang='lat'>19</span> <span class='ocrx_word' id='word_1_121' title='bbox 231 1043 412 1084; x_wconf 89' lang='lat' dir='ltr'>tirocinio</span> <span class='ocrx_word' id='word_1_122' title='bbox 429 1048 692 1087; x_wconf 90' lang='lat' dir='ltr'>imbuendum</span> <span class='ocrx_word' id='word_1_123' title='bbox 710 1050 928 1090; x_wconf 78' lang='lat' dir='ltr'>Samnitem</span> <span class='ocrx_word' id='word_1_124' title='bbox 946 1051 1203 1092; x_wconf 76' lang='lat' dir='ltr'>clamitantes.</span> <span class='ocrx_word' id='word_1_125' title='bbox 1251 1052 1457 1103; x_wconf 83' lang='lat' dir='ltr'>indulgent</span> <span class='ocrx_word' id='word_1_126' title='bbox 1473 1067 1565 1092; x_wconf 89' lang='lat' dir='ltr'>con-</span> 
     </span>
     <span class='ocr_line' id='line_1_16' title="bbox 231 1112 1562 1168; baseline 0.007 -19"><span class='ocrx_word' id='word_1_127' title='bbox 231 1112 333 1150; x_wconf 85' lang='lat' dir='ltr'>sules</span> <span class='ocrx_word' id='word_1_128' title='bbox 363 1112 563 1163; x_wconf 89' lang='lat' dir='ltr'>legionum</span> <span class='ocrx_word' id='word_1_129' title='bbox 584 1115 725 1164; x_wconf 87' lang='lat' dir='ltr'>ardori,</span> <span class='ocrx_word' id='word_1_130' title='bbox 749 1123 792 1155; x_wconf 88' lang='lat' dir='ltr'>ut</span> <span class='ocrx_word' id='word_1_131' title='bbox 818 1116 885 1167; x_wconf 92' lang='lat' dir='ltr'>qui</span> <span class='ocrx_word' id='word_1_132' title='bbox 906 1117 1030 1168; x_wconf 91' lang='lat' dir='ltr'>probe</span> <span class='ocrx_word' id='word_1_133' title='bbox 1055 1117 1198 1157; x_wconf 87' lang='lat' dir='ltr'>scirent</span> <span class='ocrx_word' id='word_1_134' title='bbox 1224 1132 1372 1157; x_wconf 89' lang='lat' dir='ltr'>novum</span> <span class='ocrx_word' id='word_1_135' title='bbox 1398 1118 1562 1158; x_wconf 88' lang='lat' dir='ltr'>militem</span> 
     </span>
     <span class='ocr_line' id='line_1_17' title="bbox 230 1175 1562 1234; baseline 0.008 -21"><span class='ocrx_word' id='word_1_136' title='bbox 230 1175 403 1215; x_wconf 86' lang='lat' dir='ltr'>hostium</span> <span class='ocrx_word' id='word_1_137' title='bbox 421 1178 521 1217; x_wconf 89' lang='lat' dir='ltr'>inter</span> <span class='ocrx_word' id='word_1_138' title='bbox 540 1181 742 1230; x_wconf 89' lang='lat' dir='ltr'>perculsos</span> <span class='ocrx_word' id='word_1_139' title='bbox 759 1182 849 1232; x_wconf 87' lang='lat' dir='ltr'>fuga</span> <span class='ocrx_word' id='word_1_140' title='bbox 864 1189 1069 1221; x_wconf 85' lang='lat' dir='ltr'>veteranos</span> <span class='ocrx_word' id='word_1_141' title='bbox 1090 1196 1140 1222; x_wconf 90' lang='lat' dir='ltr'>ne</span> <span class='ocrx_word' id='word_1_142' title='bbox 1154 1184 1386 1234; x_wconf 90' lang='lat' dir='ltr'>temptando</span> <span class='ocrx_word' id='word_1_143' title='bbox 1401 1183 1562 1234; x_wconf 89' lang='lat' dir='ltr'>quidem</span> 
     </span>
     <span class='ocr_line' id='line_1_18' title="bbox 171 1241 1564 1297; baseline 0.007 -19"><span class='ocrx_word' id='word_1_144' title='bbox 171 1255 210 1277; x_wconf 90' lang='lat'>20</span> <span class='ocrx_word' id='word_1_145' title='bbox 230 1241 322 1280; x_wconf 89' lang='lat' dir='ltr'>satis</span> <span class='ocrx_word' id='word_1_146' title='bbox 343 1243 547 1282; x_wconf 85' lang='lat' dir='ltr'>certamini</span> <span class='ocrx_word' id='word_1_147' title='bbox 572 1245 665 1284; x_wconf 90' lang='lat' dir='ltr'>fore.</span> <span class='ocrx_word' id='word_1_148' title='bbox 726 1259 799 1285; x_wconf 90' lang='lat' dir='ltr'>nec</span> <span class='ocrx_word' id='word_1_149' title='bbox 820 1260 888 1285; x_wconf 89' lang='lat' dir='ltr'>eos</span> <span class='ocrx_word' id='word_1_150' title='bbox 909 1246 1045 1297; x_wconf 87' lang='lat' dir='ltr'>opinio</span> <span class='ocrx_word' id='word_1_151' title='bbox 1066 1248 1200 1286; x_wconf 90' lang='lat' dir='ltr'>fefellit</span> <span class='ocrx_word' id='word_1_152' title='bbox 1215 1262 1226 1296; x_wconf 76' lang='lat'><em>3</em></span> <span class='ocrx_word' id='word_1_153' title='bbox 1254 1262 1392 1287; x_wconf 90' lang='lat' dir='ltr'>omnes</span> <span class='ocrx_word' id='word_1_154' title='bbox 1414 1249 1564 1288; x_wconf 89' lang='lat' dir='ltr'>Samni-</span> 
     </span>
     <span class='ocr_line' id='line_1_19' title="bbox 229 1306 1562 1364; baseline 0.007 -20"><span class='ocrx_word' id='word_1_155' title='bbox 229 1306 327 1345; x_wconf 85' lang='lat' dir='ltr'>tium</span> <span class='ocrx_word' id='word_1_156' title='bbox 357 1308 506 1358; x_wconf 88' lang='lat' dir='ltr'>copiae,</span> <span class='ocrx_word' id='word_1_157' title='bbox 539 1317 688 1349; x_wconf 89' lang='lat' dir='ltr'>veteres</span> <span class='ocrx_word' id='word_1_158' title='bbox 718 1324 934 1362; x_wconf 83' lang='lat' dir='ltr'>novaeque,</span> <span class='ocrx_word' id='word_1_159' title='bbox 969 1320 1123 1351; x_wconf 87' lang='lat' dir='ltr'>montes</span> <span class='ocrx_word' id='word_1_160' title='bbox 1153 1313 1350 1363; x_wconf 86' lang='lat' dir='ltr'>proximos</span> <span class='ocrx_word' id='word_1_161' title='bbox 1384 1315 1474 1364; x_wconf 88' lang='lat' dir='ltr'>fuga</span> <span class='ocrx_word' id='word_1_162' title='bbox 1503 1328 1562 1353; x_wconf 89' lang='lat' dir='ltr'>ca-</span> 
     </span>
     <span class='ocr_line' id='line_1_20' title="bbox 229 1372 1562 1428; baseline 0.006 -18"><span class='ocrx_word' id='word_1_163' title='bbox 229 1372 352 1422; x_wconf 84' lang='lat' dir='ltr'>piunt.</span> <span class='ocrx_word' id='word_1_164' title='bbox 399 1387 447 1412; x_wconf 91' lang='lat' dir='ltr'>eo</span> <span class='ocrx_word' id='word_1_165' title='bbox 468 1381 506 1412; x_wconf 90' lang='lat' dir='ltr'>et</span> <span class='ocrx_word' id='word_1_166' title='bbox 529 1376 712 1414; x_wconf 86' lang='lat' dir='ltr'>Romana</span> <span class='ocrx_word' id='word_1_167' title='bbox 732 1375 890 1427; x_wconf 88' lang='lat' dir='ltr'>erigitur</span> <span class='ocrx_word' id='word_1_168' title='bbox 909 1377 1023 1424; x_wconf 88' lang='lat' dir='ltr'>acies,</span> <span class='ocrx_word' id='word_1_169' title='bbox 1048 1391 1121 1417; x_wconf 90' lang='lat' dir='ltr'>nec</span> <span class='ocrx_word' id='word_1_170' title='bbox 1142 1378 1354 1428; x_wconf 89' lang='lat' dir='ltr'>quicquam</span> <span class='ocrx_word' id='word_1_171' title='bbox 1376 1378 1467 1417; x_wconf 88' lang='lat' dir='ltr'>satis</span> <span class='ocrx_word' id='word_1_172' title='bbox 1489 1381 1562 1418; x_wconf 88' lang='lat' dir='ltr'>tuti</span> 
     </span>
     <span class='ocr_line' id='line_1_21' title="bbox 228 1437 1560 1495; baseline 0.006 -20"><span class='ocrx_word' id='word_1_173' title='bbox 228 1437 303 1476; x_wconf 89' lang='lat' dir='ltr'>loci</span> <span class='ocrx_word' id='word_1_174' title='bbox 324 1438 435 1476; x_wconf 82' lang='lat' dir='ltr'>victis</span> <span class='ocrx_word' id='word_1_175' title='bbox 457 1447 525 1487; x_wconf 87' lang='lat' dir='ltr'>est,</span> <span class='ocrx_word' id='word_1_176' title='bbox 545 1448 582 1478; x_wconf 91' lang='lat' dir='ltr'>et</span> <span class='ocrx_word' id='word_1_177' title='bbox 603 1442 653 1479; x_wconf 93' lang='lat' dir='ltr'>de</span> <span class='ocrx_word' id='word_1_178' title='bbox 670 1440 779 1491; x_wconf 87' lang='lat' dir='ltr'>iugis,</span> <span class='ocrx_word' id='word_1_179' title='bbox 799 1455 900 1492; x_wconf 90' lang='lat' dir='ltr'>quae</span> <span class='ocrx_word' id='word_1_180' title='bbox 917 1451 1112 1493; x_wconf 86' lang='lat' dir='ltr'>ceperant,</span> <span class='ocrx_word' id='word_1_181' title='bbox 1131 1444 1372 1492; x_wconf 84' lang='lat' dir='ltr'>funduntur;</span> <span class='ocrx_word' id='word_1_182' title='bbox 1403 1444 1560 1495; x_wconf 88' lang='lat' dir='ltr'>iamque</span> 
     </span>
     <span class='ocr_line' id='line_1_22' title="bbox 172 1507 1559 1557; baseline 0.006 -18"><span class='ocrx_word' id='word_1_183' title='bbox 172 1518 205 1539; x_wconf 88' lang='lat'>21</span> <span class='ocrx_word' id='word_1_184' title='bbox 229 1517 307 1541; x_wconf 90' lang='lat' dir='ltr'>una</span> <span class='ocrx_word' id='word_1_185' title='bbox 341 1517 437 1543; x_wconf 83' lang='lat' dir='ltr'>voce</span> <span class='ocrx_word' id='word_1_186' title='bbox 472 1518 611 1544; x_wconf 88' lang='lat' dir='ltr'>omnes</span> <span class='ocrx_word' id='word_1_187' title='bbox 650 1520 788 1556; x_wconf 88' lang='lat' dir='ltr'>pacem</span> <span class='ocrx_word' id='word_1_188' title='bbox 830 1507 1027 1557; x_wconf 83' lang='lat' dir='ltr'>petebant.</span> <span class='ocrx_word' id='word_1_189' title='bbox 1100 1516 1182 1546; x_wconf 89' lang='lat' dir='ltr'>tum</span> <span class='ocrx_word' id='word_1_190' title='bbox 1222 1508 1338 1547; x_wconf 89' lang='lat' dir='ltr'>trium</span> <span class='ocrx_word' id='word_1_191' title='bbox 1379 1523 1559 1548; x_wconf 88' lang='lat' dir='ltr'>mensum</span> 
     </span>
     <span class='ocr_line' id='line_1_23' title="bbox 227 1569 1559 1624; baseline 0.005 -18"><span class='ocrx_word' id='word_1_192' title='bbox 227 1569 424 1607; x_wconf 89' lang='lat' dir='ltr'>frumento</span> <span class='ocrx_word' id='word_1_193' title='bbox 446 1569 638 1620; x_wconf 87' lang='lat' dir='ltr'>imperato</span> <span class='ocrx_word' id='word_1_194' title='bbox 659 1579 697 1610; x_wconf 93' lang='lat' dir='ltr'>et</span> <span class='ocrx_word' id='word_1_195' title='bbox 717 1585 851 1610; x_wconf 88' lang='lat' dir='ltr'>annuo</span> <span class='ocrx_word' id='word_1_196' title='bbox 873 1572 1070 1622; x_wconf 87' lang='lat' dir='ltr'>stipendio</span> <span class='ocrx_word' id='word_1_197' title='bbox 1090 1587 1135 1612; x_wconf 90' lang='lat' dir='ltr'>ac</span> <span class='ocrx_word' id='word_1_198' title='bbox 1152 1573 1313 1624; x_wconf 86' lang='lat' dir='ltr'>singulis</span> <span class='ocrx_word' id='word_1_199' title='bbox 1334 1574 1373 1612; x_wconf 86' lang='lat' dir='ltr'>in</span> <span class='ocrx_word' id='word_1_200' title='bbox 1396 1574 1559 1613; x_wconf 89' lang='lat' dir='ltr'>militem</span> 
     </span>
     <span class='ocr_line' id='line_1_24' title="bbox 171 1633 1560 1686; baseline 0.006 -16"><span class='ocrx_word' id='word_1_201' title='bbox 171 1647 206 1668; x_wconf 69' lang='lat'>22</span> <span class='ocrx_word' id='word_1_202' title='bbox 228 1633 370 1672; x_wconf 86' lang='lat' dir='ltr'>tunicis</span> <span class='ocrx_word' id='word_1_203' title='bbox 409 1635 460 1674; x_wconf 90' lang='lat' dir='ltr'>ad</span> <span class='ocrx_word' id='word_1_204' title='bbox 499 1643 681 1674; x_wconf 86' lang='lat' dir='ltr'>senatum</span> <span class='ocrx_word' id='word_1_205' title='bbox 720 1636 828 1686; x_wconf 87' lang='lat' dir='ltr'>pacis</span> <span class='ocrx_word' id='word_1_206' title='bbox 868 1645 1040 1676; x_wconf 87' lang='lat' dir='ltr'>oratores</span> <span class='ocrx_word' id='word_1_207' title='bbox 1080 1638 1198 1677; x_wconf 87' lang='lat' dir='ltr'>missi.</span> <span class='ocrx_word' id='word_1_208' title='bbox 1273 1639 1480 1679; x_wconf 83' lang='lat' dir='ltr'>Cornelius</span> <span class='ocrx_word' id='word_1_209' title='bbox 1521 1640 1560 1678; x_wconf 88' lang='lat' dir='ltr'>in</span> 
     </span>
     <span class='ocr_line' id='line_1_25' title="bbox 226 1699 1558 1754; baseline 0.005 -18"><span class='ocrx_word' id='word_1_210' title='bbox 226 1699 388 1738; x_wconf 84' lang='lat' dir='ltr'>Samnio</span> <span class='ocrx_word' id='word_1_211' title='bbox 410 1700 565 1739; x_wconf 90' lang='lat' dir='ltr'>relictus</span> <span class='ocrx_word' id='word_1_212' title='bbox 580 1716 590 1748; x_wconf 73' lang='lat'>,¹</span> <span class='ocrx_word' id='word_1_213' title='bbox 621 1701 794 1740; x_wconf 86' lang='lat' dir='ltr'>Marcius</span> <span class='ocrx_word' id='word_1_214' title='bbox 815 1703 865 1741; x_wconf 90' lang='lat' dir='ltr'>de</span> <span class='ocrx_word' id='word_1_215' title='bbox 887 1702 1072 1741; x_wconf 88' lang='lat' dir='ltr'>Hernicis</span> <span class='ocrx_word' id='word_1_216' title='bbox 1094 1703 1339 1754; x_wconf 87' lang='lat' dir='ltr'>triumphans</span> <span class='ocrx_word' id='word_1_217' title='bbox 1360 1704 1400 1743; x_wconf 92' lang='lat' dir='ltr'>in</span> <span class='ocrx_word' id='word_1_218' title='bbox 1420 1705 1558 1744; x_wconf 86' lang='lat' dir='ltr'>urbem</span> 
     </span>
     <span class='ocr_line' id='line_1_26' title="bbox 228 1764 1559 1820; baseline 0.005 -18"><span class='ocrx_word' id='word_1_219' title='bbox 228 1764 353 1812; x_wconf 88' lang='lat' dir='ltr'>rediit,</span> <span class='ocrx_word' id='word_1_220' title='bbox 386 1772 594 1816; x_wconf 88' lang='lat' dir='ltr'>statuaque</span> <span class='ocrx_word' id='word_1_221' title='bbox 624 1767 816 1817; x_wconf 88' lang='lat' dir='ltr'>equestris</span> <span class='ocrx_word' id='word_1_222' title='bbox 851 1767 891 1805; x_wconf 89' lang='lat' dir='ltr'>in</span> <span class='ocrx_word' id='word_1_223' title='bbox 923 1769 1008 1807; x_wconf 90' lang='lat' dir='ltr'>foro</span> <span class='ocrx_word' id='word_1_224' title='bbox 1042 1769 1200 1807; x_wconf 88' lang='lat' dir='ltr'>decreta</span> <span class='ocrx_word' id='word_1_225' title='bbox 1233 1777 1305 1818; x_wconf 88' lang='lat' dir='ltr'>est,</span> <span class='ocrx_word' id='word_1_226' title='bbox 1335 1783 1436 1820; x_wconf 90' lang='lat' dir='ltr'>quae</span> <span class='ocrx_word' id='word_1_227' title='bbox 1467 1778 1559 1809; x_wconf 92' lang='lat' dir='ltr'>ante</span> 
     </span>
     <span class='ocr_line' id='line_1_27' title="bbox 169 1831 1555 1886; baseline 0.004 -17"><span class='ocrx_word' id='word_1_228' title='bbox 169 1839 207 1869; x_wconf 79' lang='lat'>23</span> <span class='ocrx_word' id='word_1_229' title='bbox 229 1831 421 1880; x_wconf 90' lang='lat' dir='ltr'>templum</span> <span class='ocrx_word' id='word_1_230' title='bbox 447 1832 621 1870; x_wconf 89' lang='lat' dir='ltr'>Castoris</span> <span class='ocrx_word' id='word_1_231' title='bbox 651 1831 780 1882; x_wconf 87' lang='lat' dir='ltr'>posita</span> <span class='ocrx_word' id='word_1_232' title='bbox 809 1840 879 1873; x_wconf 88' lang='lat' dir='ltr'>est.</span> <span class='ocrx_word' id='word_1_233' title='bbox 939 1833 1205 1872; x_wconf 87' lang='lat' dir='ltr'>Hernicorum</span> <span class='ocrx_word' id='word_1_234' title='bbox 1235 1834 1358 1873; x_wconf 89' lang='lat' dir='ltr'>tribus</span> <span class='ocrx_word' id='word_1_235' title='bbox 1388 1835 1555 1886; x_wconf 89' lang='lat' dir='ltr'>populis,</span> 
     </span>
     <span class='ocr_line' id='line_1_28' title="bbox 229 1895 1559 1951; baseline 0.005 -18"><span class='ocrx_word' id='word_1_236' title='bbox 229 1895 435 1934; x_wconf 83' lang='lat' dir='ltr'>Aletrinati</span> <span class='ocrx_word' id='word_1_237' title='bbox 457 1898 657 1936; x_wconf 89' lang='lat' dir='ltr'>Verulano</span> <span class='ocrx_word' id='word_1_238' title='bbox 689 1898 940 1946; x_wconf 86' lang='lat' dir='ltr'>Ferentinati‚</span> <span class='ocrx_word' id='word_1_239' title='bbox 965 1898 1056 1949; x_wconf 89' lang='lat' dir='ltr'>quia</span> <span class='ocrx_word' id='word_1_240' title='bbox 1087 1900 1308 1939; x_wconf 89' lang='lat' dir='ltr'>maluerunt</span> <span class='ocrx_word' id='word_1_241' title='bbox 1329 1914 1448 1951; x_wconf 89' lang='lat' dir='ltr'>quam</span> <span class='ocrx_word' id='word_1_242' title='bbox 1469 1900 1559 1939; x_wconf 86' lang='lat' dir='ltr'>civi-</span> 
     </span>
     <span class='ocr_line' id='line_1_29' title="bbox 228 1962 1558 2016; baseline 0.005 -18"><span class='ocrx_word' id='word_1_243' title='bbox 228 1967 360 2008; x_wconf 85' lang='lat' dir='ltr'>tatem,</span> <span class='ocrx_word' id='word_1_244' title='bbox 384 1974 477 2000; x_wconf 86' lang='lat' dir='ltr'>suae</span> <span class='ocrx_word' id='word_1_245' title='bbox 507 1963 611 2012; x_wconf 84' lang='lat' dir='ltr'>leges</span> <span class='ocrx_word' id='word_1_246' title='bbox 640 1962 828 2012; x_wconf 90' lang='lat' dir='ltr'>redditae,</span> <span class='ocrx_word' id='word_1_247' title='bbox 851 1963 1149 2014; x_wconf 87' lang='lat' dir='ltr'>conubiumque</span> <span class='ocrx_word' id='word_1_248' title='bbox 1177 1964 1277 2004; x_wconf 91' lang='lat' dir='ltr'>inter</span> <span class='ocrx_word' id='word_1_249' title='bbox 1304 1965 1421 2016; x_wconf 88' lang='lat' dir='ltr'>ipsos,</span> <span class='ocrx_word' id='word_1_250' title='bbox 1448 1967 1558 2016; x_wconf 91' lang='lat' dir='ltr'>quod</span> 
     </span>
     <span class='ocr_line' id='line_1_30' title="bbox 168 2024 1559 2081; baseline 0.004 -16"><span class='ocrx_word' id='word_1_251' title='bbox 168 2034 208 2065; x_wconf 87' lang='lat'>24</span> <span class='ocrx_word' id='word_1_252' title='bbox 227 2024 471 2074; x_wconf 82' lang='lat' dir='ltr'>aliquamdiu</span> <span class='ocrx_word' id='word_1_253' title='bbox 493 2026 565 2065; x_wconf 91' lang='lat' dir='ltr'>soli</span> <span class='ocrx_word' id='word_1_254' title='bbox 584 2027 851 2066; x_wconf 89' lang='lat' dir='ltr'>Hernicorum</span> <span class='ocrx_word' id='word_1_255' title='bbox 873 2028 1107 2077; x_wconf 86' lang='lat' dir='ltr'>habuerunt,</span> <span class='ocrx_word' id='word_1_256' title='bbox 1125 2029 1370 2079; x_wconf 89' lang='lat' dir='ltr'>permissum.</span> <span class='ocrx_word' id='word_1_257' title='bbox 1429 2033 1559 2081; x_wconf 89' lang='lat' dir='ltr'>Anag-</span> 
     </span>
     <span class='ocr_line' id='line_1_31' title="bbox 227 2089 1557 2147; baseline 0.006 -20"><span class='ocrx_word' id='word_1_258' title='bbox 227 2089 330 2128; x_wconf 87' lang='lat' dir='ltr'>ninis</span> <span class='ocrx_word' id='word_1_259' title='bbox 356 2091 503 2141; x_wconf 91' lang='lat' dir='ltr'>quique</span> <span class='ocrx_word' id='word_1_260' title='bbox 527 2105 635 2130; x_wconf 87' lang='lat' dir='ltr'>arma</span> <span class='ocrx_word' id='word_1_261' title='bbox 656 2093 849 2132; x_wconf 87' lang='lat' dir='ltr'>Romanis</span> <span class='ocrx_word' id='word_1_262' title='bbox 875 2093 1087 2132; x_wconf 88' lang='lat' dir='ltr'>intulerant</span> <span class='ocrx_word' id='word_1_263' title='bbox 1116 2094 1252 2134; x_wconf 86' lang='lat' dir='ltr'>civitas</span> <span class='ocrx_word' id='word_1_264' title='bbox 1276 2095 1360 2135; x_wconf 89' lang='lat' dir='ltr'>sine</span> <span class='ocrx_word' id='word_1_265' title='bbox 1386 2096 1557 2147; x_wconf 85' lang='lat' dir='ltr'>suffragii</span> 
     </span>
     <span class='ocr_line' id='line_1_32' title="bbox 226 2155 1555 2212; baseline 0.006 -19"><span class='ocrx_word' id='word_1_266' title='bbox 226 2155 372 2194; x_wconf 89' lang='lat' dir='ltr'>latione</span> <span class='ocrx_word' id='word_1_267' title='bbox 397 2157 499 2205; x_wconf 88' lang='lat' dir='ltr'>data,</span> <span class='ocrx_word' id='word_1_268' title='bbox 523 2157 691 2196; x_wconf 89' lang='lat' dir='ltr'>concilia</span> <span class='ocrx_word' id='word_1_269' title='bbox 717 2158 969 2210; x_wconf 88' lang='lat' dir='ltr'>conubiaque</span> <span class='ocrx_word' id='word_1_270' title='bbox 995 2161 1182 2210; x_wconf 90' lang='lat' dir='ltr'>adempta</span> <span class='ocrx_word' id='word_1_271' title='bbox 1203 2168 1241 2199; x_wconf 94' lang='lat' dir='ltr'>et</span> <span class='ocrx_word' id='word_1_272' title='bbox 1266 2161 1555 2212; x_wconf 82' lang='lat' dir='ltr'>magistratibus</span> 
     </span>
     <span class='ocr_line' id='line_1_33' title="bbox 226 2224 1229 2272; baseline 0.006 -14"><span class='ocrx_word' id='word_1_273' title='bbox 226 2228 499 2272; x_wconf 87' lang='lat' dir='ltr'>praeterquam</span> <span class='ocrx_word' id='word_1_274' title='bbox 521 2235 720 2261; x_wconf 91' lang='lat' dir='ltr'>sacrorum</span> <span class='ocrx_word' id='word_1_275' title='bbox 743 2224 945 2263; x_wconf 91' lang='lat' dir='ltr'>curatione</span> <span class='ocrx_word' id='word_1_276' title='bbox 965 2224 1229 2264; x_wconf 90' lang='lat' dir='ltr'>interdictum.</span> 
     </span>
     <span class='ocr_line' id='line_1_34' title="bbox 166 2287 1554 2332; baseline 0.005 -8"><span class='ocrx_word' id='word_1_277' title='bbox 166 2294 206 2325; x_wconf 88' lang='lat'>25</span> <span class='ocrx_word' id='word_1_278' title='bbox 283 2287 438 2325; x_wconf 88' lang='lat' dir='ltr'>Eodem</span> <span class='ocrx_word' id='word_1_279' title='bbox 469 2301 574 2326; x_wconf 86' lang='lat' dir='ltr'>anno</span> <span class='ocrx_word' id='word_1_280' title='bbox 603 2289 722 2326; x_wconf 90' lang='lat' dir='ltr'>aedes</span> <span class='ocrx_word' id='word_1_281' title='bbox 752 2289 894 2327; x_wconf 90' lang='lat' dir='ltr'>Salutis</span> <span class='ocrx_word' id='word_1_282' title='bbox 921 2302 944 2328; x_wconf 88' lang='lat' dir='ltr'>a</span> <span class='ocrx_word' id='word_1_283' title='bbox 968 2291 1012 2330; x_wconf 89' lang='lat' dir='ltr'>C.</span> <span class='ocrx_word' id='word_1_284' title='bbox 1038 2290 1154 2329; x_wconf 89' lang='lat' dir='ltr'>Iunio</span> <span class='ocrx_word' id='word_1_285' title='bbox 1180 2291 1362 2332; x_wconf 89' lang='lat' dir='ltr'>Bubulco</span> <span class='ocrx_word' id='word_1_286' title='bbox 1392 2305 1554 2331; x_wconf 88' lang='lat' dir='ltr'>censore</span> 
     </span>
     <span class='ocr_line' id='line_1_35' title="bbox 224 2352 1552 2402; baseline 0.004 -13"><span class='ocrx_word' id='word_1_287' title='bbox 224 2352 352 2390; x_wconf 83' lang='lat' dir='ltr'>locata</span> <span class='ocrx_word' id='word_1_288' title='bbox 372 2359 440 2399; x_wconf 81' lang='lat' dir='ltr'>est,</span> <span class='ocrx_word' id='word_1_289' title='bbox 460 2366 578 2402; x_wconf 86' lang='lat' dir='ltr'>quam</span> <span class='ocrx_word' id='word_1_290' title='bbox 600 2355 737 2392; x_wconf 89' lang='lat' dir='ltr'>consul</span> <span class='ocrx_word' id='word_1_291' title='bbox 759 2354 864 2393; x_wconf 88' lang='lat' dir='ltr'>bello</span> <span class='ocrx_word' id='word_1_292' title='bbox 881 2355 1115 2394; x_wconf 87' lang='lat' dir='ltr'>Samnitium</span> <span class='ocrx_word' id='word_1_293' title='bbox 1130 2364 1299 2396; x_wconf 88' lang='lat' dir='ltr'>voverat.</span> <span class='ocrx_word' id='word_1_294' title='bbox 1339 2358 1389 2396; x_wconf 90' lang='lat' dir='ltr'>ab</span> <span class='ocrx_word' id='word_1_295' title='bbox 1411 2358 1552 2396; x_wconf 89' lang='lat' dir='ltr'>eodem</span> 
     </span>
     <span class='ocr_line' id='line_1_36' title="bbox 222 2418 1553 2473; baseline 0.005 -19"><span class='ocrx_word' id='word_1_296' title='bbox 222 2418 452 2467; x_wconf 86' lang='lat' dir='ltr'>collegaque</span> <span class='ocrx_word' id='word_1_297' title='bbox 477 2418 559 2456; x_wconf 76' lang='lat' dir='ltr'>cius</span> <span class='ocrx_word' id='word_1_298' title='bbox 586 2419 642 2456; x_wconf 89' lang='lat' dir='ltr'>M.</span> <span class='ocrx_word' id='word_1_299' title='bbox 667 2418 824 2458; x_wconf 83' lang='lat' dir='ltr'>Valerio</span> <span class='ocrx_word' id='word_1_300' title='bbox 853 2419 1031 2458; x_wconf 77' lang='lat' dir='ltr'>Maximo</span> <span class='ocrx_word' id='word_1_301' title='bbox 1052 2420 1136 2460; x_wconf 85' lang='lat' dir='ltr'>viae</span> <span class='ocrx_word' id='word_1_302' title='bbox 1165 2435 1232 2472; x_wconf 87' lang='lat' dir='ltr'>per</span> <span class='ocrx_word' id='word_1_303' title='bbox 1258 2435 1369 2472; x_wconf 83' lang='lat' dir='ltr'>agros</span> <span class='ocrx_word' id='word_1_304' title='bbox 1395 2421 1553 2473; x_wconf 85' lang='lat' dir='ltr'>publica</span> 
     </span>
    </p>
   </div>
  </div>
 </body>
</html>
