1747 2620
819 94 866 131 T.
898 94 1014 131 LIVI

256 198 413 238 ordines
434 199 612 249 peditum
644 213 711 250 per
738 214 855 249 arma,
879 214 947 251 per
967 214 1132 251 corpora
1151 200 1355 240 evaserint.
1414 215 1459 239 ea
1480 202 1585 239 velut

256 278 358 303 nova
388 264 487 303 inter
517 266 639 304 fessos
669 274 802 305 exorta
830 266 933 305 acies
963 266 1132 305 turbavit
1162 266 1271 317 signa
1301 268 1586 315 Etruscorum3

217 342 236 373 9
255 336 388 369 secuta
409 330 554 369 deinde
570 330 760 381 impetum
778 345 925 378 eorum,
944 338 1160 381 utcumque
1173 332 1328 370 adfecta
1344 339 1434 379 erat,
1457 339 1587 371 cetera

199 409 237 430 10
257 394 470 433 multitudo
500 396 661 434 tandem
691 396 907 446 perrumpit
936 395 1094 434 ordines
1122 396 1307 434 hostium.
1366 404 1460 435 tunc
1481 397 1584 436 vinci

254 459 468 511 pertinacia
498 468 639 510 coepta
668 469 706 500 et
734 462 854 499 averti
884 460 1075 511 manipuli
1105 460 1278 510 quidam,
1308 468 1356 509 et,
1389 469 1431 499 ut
1463 463 1584 500 semel

196 541 231 563 11
254 526 400 564 dedere
439 533 555 575 terga,
597 526 715 564 etiam
750 526 955 564 certiorem
988 539 1191 576 capessere
1225 527 1371 576 fugam.
1428 527 1492 566 ille
1512 527 1584 578 pri-

253 603 362 628 mum
384 590 467 629 dies
489 592 645 629 fortuna
660 598 791 629 vetere
811 591 1060 629 abundantes
1076 592 1331 629 Etruscorum
1347 591 1457 641 fregit
1474 605 1580 642 opes.

252 669 411 695 caesum
446 655 485 693 in
520 655 614 703 acie,
648 657 756 706 quod
793 655 943 695 roboris
974 656 1071 704 fuit3
1104 663 1230 695 castra
1259 657 1401 695 eodem
1433 657 1582 708 impetu

251 728 365 770 capta
385 719 627 771 direptaque.

168 792 233 834 40
307 784 393 823 Pari
424 785 593 823 subinde
624 785 797 836 periculo
826 785 1052 836 gloriaeque
1082 794 1224 825 eventu
1247 787 1393 826 bellum
1415 787 1454 825 in
1476 788 1583 826 Sam-

252 849 399 889 nitibus
424 857 516 897 erat,
546 850 613 900 qui
647 857 799 900 praeter
832 858 983 890 ceteros
1019 851 1109 890 belli
1143 860 1362 902 apparatus,
1400 860 1442 891 ut
1476 852 1580 892 acies

216 934 231 955 2
252 928 323 953 Sua
343 916 504 964 fulgeret
526 914 638 953 novis
658 929 856 954 armorum
878 915 1108 966 insignibus,
1131 918 1319 956 fecerunt.
1377 919 1458 956 duo
1479 932 1583 957 exer-

251 979 351 1018 citus
372 987 481 1018 erant
496 994 506 1027 3
536 987 646 1018 scuta
662 980 819 1019 alterius
835 994 941 1029 auro,
961 981 1117 1020 alterius
1134 991 1295 1032 argento
1309 985 1557 1022 caelaverunt
1573 1000 1583 1032 3

250 1046 374 1083 forma
404 1051 485 1083 erat
510 1045 632 1084 scuti:
664 1059 863 1084 summum
894 1047 1023 1095 latius,
1050 1061 1128 1097 qua
1152 1055 1289 1098 pectus
1316 1056 1436 1099 atque
1457 1050 1581 1088 umeri

250 1116 444 1159 teguntur,
476 1109 630 1160 fastigio
659 1110 813 1160 aequali
830 1126 840 1159 3
878 1113 928 1150 ad
961 1111 1083 1150 imum
1120 1113 1322 1151 cuneatior
1352 1114 1580 1153 mobilitatis

212 1193 229 1222 3
249 1187 376 1213 causa.
437 1175 601 1225 spongia
622 1176 770 1226 pectori
792 1184 1077 1227 tegumentum,
1095 1185 1131 1216 et
1149 1178 1347 1217 sinistrum
1362 1193 1449 1218 crus
1466 1193 1580 1219 ocrea

248 1246 422 1289 tectum3
451 1241 585 1290 galeae
616 1240 805 1289 cristatae,
830 1255 932 1292 quae
959 1242 1130 1293 speciem
1163 1243 1423 1294 magnitudini
1445 1258 1584 1296 corpo-

247 1319 333 1344 rum
372 1307 573 1345 adderent.
634 1306 790 1346 tunicae
828 1307 971 1346 auratis
1006 1307 1195 1347 militibus
1230 1309 1494 1358 versicolores,
1525 1325 1580 1350 ar-

247 1370 414 1421 gentatis
444 1370 587 1409 linteae
617 1371 821 1411 candidae.
881 1372 940 1411 his
971 1373 1151 1411 dextrum
1181 1387 1303 1412 cornu
1334 1375 1469 1413 datum
1486 1390 1496 1424 5
1525 1376 1579 1414 illi

208 1454 229 1486 4
248 1436 287 1474 in
318 1436 475 1474 sinistro
505 1436 737 1476 consistunt.
797 1445 913 1476 notus
939 1437 1015 1476 iam
1048 1439 1240 1477 Romanis
1261 1448 1470 1489 apparatus
1491 1441 1581 1479 insi-

246 1501 382 1552 gnium
404 1514 601 1539 armorum
623 1503 758 1549 fuerat,
781 1502 970 1553 doctique
998 1516 1020 1541 a
1047 1503 1215 1542 ducibus
1237 1512 1346 1543 erant
1374 1505 1575 1544 horridum

248 1566 410 1604 militem
446 1579 531 1604 esse
565 1567 720 1614 debere,
757 1581 837 1606 non
878 1569 1071 1606 caelatum
1103 1581 1198 1606 auro
1232 1576 1270 1607 et
1301 1577 1474 1619 argento,
1508 1572 1578 1610 sed

209 1647 225 1678 5
246 1633 346 1670 ferro
375 1639 413 1670 et
442 1631 584 1670 animis
614 1633 755 1672 fretum
772 1648 781 1681 3
811 1633 958 1684 quippe
988 1634 1053 1672 illa
1082 1636 1269 1684 praedam
1299 1635 1426 1674 verius
1458 1649 1576 1686 quam

245 1710 352 1735 arma
382 1710 477 1744 esse,
501 1697 666 1736 nitentia
694 1705 784 1737 ante
814 1712 906 1746 rem,
931 1699 1122 1737 deformia
1152 1699 1252 1738 inter
1281 1700 1527 1750 sanguinem*
1540 1709 1577 1740 et

208 1775 227 1807 6
245 1763 405 1801 vulnera
422 1777 432 1810 3
462 1762 644 1801 virtutem
665 1776 750 1801 esse
772 1763 903 1802 militis
925 1765 1058 1810 decus,
1081 1771 1119 1802 et
1140 1765 1273 1803 omnia
1293 1765 1358 1803 illa
1373 1765 1574 1804 victoriam

247 1826 357 1877 sequi
379 1834 417 1865 et
438 1827 560 1866 ditem
588 1828 743 1866 hostem
772 1828 950 1878 quamvis
975 1829 1156 1878 pauperis
1176 1829 1332 1868 victoris
1358 1831 1574 1880 praemium

211 1906 342 1943 7esse.
416 1892 475 1930 his
508 1893 655 1932 Cursor
685 1892 849 1932 vocibus
893 1893 1098 1932 instinctos
1131 1894 1272 1933 milites
1304 1894 1343 1932 in
1382 1896 1574 1945 proelium

246 1958 366 1996 ducit.
426 1959 563 1996 dextro
593 1957 676 2008 ipse
706 1971 828 1997 cornu
855 1958 1045 2006 consistit,
1067 1958 1222 1998 sinistro
1248 1960 1433 2010 praefecit
1461 1961 1577 2010 magi-

208 2029 368 2062 8strum
405 2023 596 2073 equitum.
654 2023 769 2061 simul
810 2030 868 2062 est
907 2037 1154 2071 concursum,
1196 2024 1333 2074 ingens
1373 2025 1444 2063 fuit
1484 2039 1573 2064 cum

246 2091 359 2127 hoste
380 2095 590 2135 certamen,
614 2101 695 2126 non
722 2087 878 2143 segnius
907 2088 1007 2127 inter
1033 2088 1264 2128 dictatorern
1288 2097 1325 2128 et
1346 2090 1574 2140 magistrum

206 2167 225 2198 9
245 2153 437 2204 equitum,
457 2153 508 2191 ab
529 2160 614 2191 utra
634 2160 743 2203 parte
763 2153 926 2192 victoria
946 2153 1145 2204 inciperet.
1195 2155 1300 2204 prior
1315 2156 1414 2194 forte
1436 2155 1573 2195 Iunius

244 2218 460 2258 commovit
499 2219 666 2265 hostem,
707 2220 819 2257 laevo
858 2220 1038 2258 dextrum
1078 2233 1212 2267 cornu,
1255 2228 1425 2259 sacratos
1465 2233 1573 2259 more

243 2284 477 2324 Samnitium
499 2283 640 2334 milites
666 2297 794 2334 eoque
823 2284 994 2323 candida
1014 2292 1120 2323 veste
1150 2292 1189 2324 et
1215 2286 1373 2335 paribus
1400 2286 1572 2324 candore

243 2349 360 2389 armis
381 2349 563 2399 insignes.
624 2362 691 2387 eos
722 2362 763 2388 se
793 2349 899 2389 Orco
929 2357 1100 2389 mactare
1119 2350 1257 2390 Iunius
1279 2350 1462 2390 dictitans
1480 2364 1570 2389 cum
