1747 2620
800 110 848 145 T.
877 109 995 145 LIVI

200 235 216 266 5
238 220 277 257 in
298 220 435 258 urbem
462 217 718 268 accepissent,
745 216 956 256 discedunt
979 226 1172 264 aegreque
1196 212 1415 262 impetrato,
1446 216 1488 247 ut
1514 209 1564 247 de

237 299 283 323 ea
312 298 352 322 re
378 283 531 323 consuli
556 290 736 322 senatum
763 293 1029 332 responsaque
1056 280 1106 318 ad
1127 292 1169 317 se
1188 276 1317 316 referri
1338 275 1495 322 sineret,
1514 273 1565 311 ad

200 360 328 391 fisuos
368 350 543 387 redeunt.
603 349 705 387 duae
744 346 933 385 factiones
973 351 1153 383 senatum
1188 341 1440 387 distinebant,
1474 352 1563 385 una,

237 414 347 453 cuius
368 413 563 465 principes
584 420 694 452 erant
714 410 945 452 defectionis
966 423 988 448 a
1002 410 1150 460 populo
1172 410 1357 446 Romano
1373 411 1564 450 auctores,

236 481 356 518 altera
389 478 565 517 fidelium
597 477 752 516 civium.
826 482 1017 514 certatum
1045 473 1097 512 ab
1127 474 1301 522 utrisque
1332 479 1465 509 tamen
1495 476 1564 515 est,

238 553 279 583 ut
299 546 350 583 ad
372 543 705 583 reconciliandam
726 555 865 592 pacem
886 539 1039 579 consuli
1060 552 1179 589 opera
1204 544 1420 575 navaretur.
1480 547 1568 584 pars

203 612 367 656 7altera,
397 623 487 648 cum
514 607 752 658 praesidium
781 605 1028 651 Samnitium,
1051 603 1144 654 quia
1170 601 1267 641 nihil
1292 600 1384 640 satis
1411 612 1569 650 praepa-

238 675 307 714 rati
338 682 418 713 erat
447 675 498 713 ad
533 673 785 712 obsidionem
818 671 1074 716 tolerandam,
1109 680 1359 707 excessurum
1394 663 1570 715 proxima

238 747 355 779 nocte
376 746 492 787 esset,
521 738 724 777 enuntiare
751 736 904 776 consuli
932 734 1023 774 satis
1051 733 1200 780 habuit,
1223 746 1301 783 qua
1328 730 1454 769 noctis
1475 730 1571 767 hora

239 819 396 856 quaque
435 812 547 855 porta
585 812 624 842 et
663 816 782 853 quam
821 802 861 840 in
892 800 994 839 viam
1034 811 1257 850 egressurus
1291 796 1415 835 hostis
1448 796 1573 841 foret,

145 872 148 876 ’
202 872 370 918 Saltera,
405 869 549 920 quibus
584 868 714 906 invitis
749 866 943 906 descitum
982 866 1033 904 ad
1071 863 1265 903 Samnites
1305 869 1396 909 erat,
1431 861 1570 899 eadem

240 943 357 974 nocte
392 942 544 985 portam
577 933 694 972 etiam
728 931 881 971 consuli
915 937 1152 981 aperuerunt
1185 935 1435 977 armatosque
1470 927 1570 964 clam

203 1012 222 1044 9
242 1008 359 1039 nocte
380 1000 421 1038 in
441 1000 580 1038 urbem
600 1005 847 1048 acceperunt.
908 996 962 1035 ita
982 994 1130 1045 duplici
1151 993 1376 1045 proditione
1403 1000 1441 1030 et
1468 1004 1574 1041 prae-

241 1066 385 1104 sidium
425 1064 662 1104 Samnitium
708 1061 866 1101 insessis
912 1061 1014 1100 circa
1052 1059 1154 1098 viam
1198 1057 1439 1097 silvestribus
1478 1054 1574 1094 locis

241 1130 479 1181 necopinato
500 1141 734 1180 oppressum
755 1134 813 1166 est
829 1134 867 1166 et
887 1127 938 1165 ab
959 1126 1055 1164 urbe
1080 1126 1198 1175 plena
1224 1122 1398 1162 hostium
1428 1123 1575 1160 clamor

241 1197 418 1235 sublatus
434 1211 444 1244 3
483 1202 767 1244 momentoque
801 1192 916 1231 unius
947 1193 1066 1230 horae
1097 1203 1234 1229 caesus
1264 1187 1430 1234 Samnis,
1464 1187 1576 1225 Satri-

185 1279 222 1300 ιο
241 1275 363 1300 canus
396 1269 544 1311 captus,
581 1268 619 1298 et
654 1258 788 1298 omnia
822 1258 862 1296 in
897 1263 1090 1307 potestate
1121 1255 1294 1294 consulis
1329 1260 1448 1292 erant.
1509 1250 1576 1301 qui

242 1326 474 1378 quaestione
501 1325 645 1372 habita,
677 1337 845 1374 quorum
876 1336 996 1373 opera
1022 1319 1192 1360 defectio
1217 1326 1319 1358 esset
1339 1319 1450 1364 facta,
1476 1328 1575 1366 quos

243 1399 377 1431 sontes
404 1392 596 1441 comperit
626 1389 740 1439 virgis
766 1401 901 1427 caesos
932 1386 1058 1426 securi
1083 1384 1273 1435 percussit
1300 1381 1576 1434 praesidioque

186 1472 220 1494 11
243 1457 374 1496 valido
395 1456 580 1507 imposito
594 1469 703 1494 arma
720 1453 930 1493 Satricanis
951 1450 1111 1491 ademit.
1152 1450 1246 1489 inde
1265 1450 1316 1488 ad
1333 1448 1576 1498 triumphum

243 1521 460 1561 decessisse
500 1523 673 1559 Romam
714 1517 912 1569 Papirium
949 1518 1160 1556 Cursorem
1200 1513 1386 1560 scribunt,
1424 1511 1491 1562 qui
1530 1524 1578 1549 eo

244 1589 346 1626 duce
382 1586 590 1625 Luceriam
625 1591 823 1634 receptam
856 1581 1132 1631 Samnitesque
1165 1579 1238 1618 sub
1270 1579 1403 1629 iugum
1440 1576 1579 1615 missos

187 1666 223 1687 12
244 1660 423 1692 auctores
444 1658 545 1690 sunt.
606 1658 644 1689 et
674 1649 745 1688 fuit
772 1648 828 1687 vir
848 1649 955 1686 haud
983 1646 1104 1685 dubie
1133 1645 1275 1695 dignus
1303 1642 1412 1682 omni
1438 1641 1580 1681 bellica

245 1718 372 1764 laude,
405 1730 486 1754 non
513 1715 635 1754 animi
665 1717 793 1753 solum
824 1713 955 1763 vigore
985 1712 1055 1750 sed
1083 1710 1200 1749 etiam
1230 1707 1403 1758 corporis
1433 1706 1579 1746 viribus

188 1793 226 1824 13
246 1783 453 1821 excellens.
510 1780 720 1830 praecipua
741 1779 889 1829 pedum
914 1775 1122 1827 pernicitas
1152 1774 1287 1821 inerat,
1317 1785 1417 1823 quae
1438 1785 1580 1821 cogno-

247 1861 340 1886 men
370 1848 488 1885 etiam
515 1845 637 1893 dedit,
670 1844 940 1893 victoremque
967 1855 1082 1880 cursu
1112 1841 1290 1879 omnium
1320 1837 1457 1876 aetatis
1488 1850 1581 1876 suae

248 1913 367 1952 fuisse
394 1914 534 1958 ferunt,
567 1924 636 1949 seu
665 1923 822 1948 crurum
852 1908 890 1947 vi
920 1921 989 1946 seu
1019 1905 1297 1945 exercitatione
1325 1905 1447 1941 multa
1463 1918 1473 1951 3
1503 1901 1582 1940 cibi

193 1996 231 2027 14
249 1978 409 2028 vinique
438 1978 611 2016 eundern
641 1973 942 2025 capacissimum
958 1987 968 2020 3
1005 1985 1079 2010 nec
1109 1985 1199 2010 cum
1227 1971 1307 2008 ullo
1331 1968 1580 2019 asperiorem,

251 2043 343 2093 quia
363 2042 447 2093 ipse
468 2041 602 2079 invicti
631 2042 682 2079 ad
710 2040 886 2078 laborem
916 2036 1090 2087 corporis
1117 2043 1230 2082 esset,
1259 2033 1379 2072 fuisse
1403 2032 1582 2071 militiam

194 2127 231 2158 15
251 2107 375 2159 pediti
413 2106 556 2157 pariter
594 2105 821 2156 equitique3
864 2103 1016 2154 equites
1056 2103 1174 2141 etiam
1212 2099 1428 2150 aliquando
1465 2110 1582 2136 ausos

251 2174 302 2211 ab
318 2185 366 2211 eo
386 2179 530 2222 petere,
545 2178 587 2209 ut
603 2169 677 2208 sibi
698 2183 768 2220 pro
784 2183 824 2207 re
838 2170 940 2207 bene
960 2174 1068 2218 gesta
1087 2168 1231 2205 laxaret
1247 2164 1396 2215 aliquid
1415 2162 1560 2202 laboris
1574 2176 1584 2210 3

198 2244 233 2277 16
253 2237 396 2289 quibus
418 2236 505 2275 ille:
536 2238 545 2255 ‘
563 2249 613 2274 ne
634 2234 731 2273 nihil
752 2233 958 2273 remissum
979 2231 1130 2279 dicatis,
1153 2230 1332 2277 remitto‚⁷
1360 2228 1487 2279 inquit
1511 2231 1584 2265 ‘ne

252 2303 389 2354 utique
427 2304 588 2341 dorsum
628 2298 897 2345 demulceatis,
938 2312 1028 2336 cum
1068 2312 1114 2336 ex
1153 2295 1263 2347 equis
1297 2293 1546 2334 descendetis
1564 2295 1582 2330 ².

253 2377 291 2409 et
304 2369 361 2407 vis
382 2375 462 2407 erat
483 2367 522 2405 in
537 2380 584 2405 eo
597 2365 679 2405 viro
700 2363 851 2415 imperii
874 2365 1009 2413 ingens
1026 2361 1168 2412 pariter
1188 2360 1227 2398 in
1244 2359 1372 2399 socios
1389 2358 1581 2408 civesque.
