1747 2620
340 119 408 156 AB
440 117 589 154 VRBE
621 114 880 153 CONDITA
911 114 1013 151 ΜΒ.
1046 113 1118 150 IX.
1152 123 1281 159 32-34

146 226 318 265 Marcius
360 224 516 263 Rutilus
556 225 670 262 datus
705 229 772 260 est.
845 228 1017 258 ceterum
1059 228 1095 258 et
1136 218 1280 257 Fabius
1320 218 1472 267 supple·
1494 237 1508 257 2

145 299 321 331 mentum
342 291 393 329 ab
416 292 544 328 Roma
565 287 728 328 adduxit
758 294 795 325 et
821 300 946 325 novus
968 285 1158 324 exercitus
1179 286 1301 323 domo
1321 282 1471 322 accitus

145 356 320 396 Etruscis
340 355 457 394 venit.

198 420 386 461 Permulti
409 419 503 458 anni
531 419 606 457 iam
629 426 749 464 erant,
772 430 863 455 cum
888 416 988 454 inter
1014 415 1197 465 patricios
1226 413 1472 464 magistratus
1495 430 1513 460 3

145 489 403 537 tribunosque
423 487 530 524 nulla
551 483 765 523 certamina
791 484 955 527 fuerant,
980 494 1069 519 cum
1092 494 1138 518 ex
1165 493 1211 518 ea
1232 478 1387 525 familia,
1411 477 1475 515 cui

145 555 250 593 velut
280 554 360 591 fato
387 552 432 590 lis
459 564 549 589 cum
580 548 745 588 tribunis
775 561 820 585 ac
849 547 965 597 plebe
995 553 1086 592 erat,
1113 552 1312 583 certamen
1343 543 1472 581 oritur.

146 622 220 668 Ap.
245 617 435 657 Claudius
466 628 605 654 censor
634 612 880 652 circumactis
910 613 1050 650 decem
1079 618 1117 648 et
1144 617 1235 648 octo
1260 608 1473 653 mensibus,
1494 625 1513 655 4

146 685 255 734 quod
276 682 446 721 Aemilia
472 682 557 731 lege
582 679 735 717 finitum
764 690 952 716 censurae
980 675 1150 726 spatium
1173 673 1360 724 temporis
1382 680 1474 719 erat,

147 762 238 787 cum
274 749 318 787 C.
355 746 540 792 Plautius,
578 746 729 793 collega
762 743 860 790 eius,
894 741 1120 792 magistratu
1160 754 1201 779 se
1240 739 1478 785 abdicasset,

149 815 256 852 nulla
276 815 312 851 vi
333 812 528 862 compelli,
552 819 593 849 ut
619 810 830 857 abdicaret,
861 808 999 859 potuit.
1058 809 1100 844 P.
1122 805 1376 856 Sempronius
1397 812 1477 842 erat
1498 822 1515 853 5

147 880 326 918 tribunus
369 878 506 929 plebis,
548 878 614 927 qui
654 875 851 914 finiendae
890 886 1078 912 censurae
1118 872 1218 910 intra
1260 870 1477 921 legitimum

149 954 304 996 tempus
333 944 530 982 actionem
561 948 794 991 susceperat,
828 953 907 978 non
939 940 1169 989 popularem
1205 936 1327 987 magis
1359 949 1478 986 quam

150 1011 291 1049 iustam
323 1022 395 1048 ηερ
425 1009 464 1046 in
494 1009 632 1057 vulgus
662 1020 782 1056 quam
813 1004 965 1056 optimo
996 1003 1140 1054 cuique
1170 1002 1388 1053 gratiorem.
1448 1001 1480 1038 is
1499 1013 1518 1044 6

151 1091 241 1116 cum
269 1075 487 1115 identidem
512 1076 644 1124 legem.
659 1071 869 1111 Aemiliam
891 1069 1070 1109 recitaret
1094 1076 1377 1118 auctoremque
1398 1066 1480 1105 eius

152 1144 276 1181 Mam.
297 1140 511 1180 Aemilium
537 1140 770 1178 dictatorem
796 1136 979 1175 laudibus
1006 1136 1132 1182 ferret,
1163 1134 1230 1184 qui
1260 1133 1481 1184 quinquen-

152 1209 282 1246 nalem
309 1213 400 1244 ante
424 1217 631 1244 censuram
662 1210 700 1242 et
729 1200 1020 1252 longinquitate
1049 1198 1253 1250 potestatis
1278 1197 1483 1237 dominan-

153 1281 232 1312 tem
272 1273 371 1311 intra
410 1285 476 1310 sex
515 1283 695 1309 mensum
736 1276 773 1307 et
811 1267 905 1306 anni
940 1266 1132 1316 coegisset
1171 1265 1352 1315 spatium,
1397 1263 1520 1310 ‘dier

152 1338 343 1388 agedum'
364 1335 501 1386 inquit,
529 1337 625 1384 ‘Ap.
647 1334 804 1380 Claudi,
825 1332 1016 1383 quidnam
1038 1332 1209 1369 facturus
1230 1329 1359 1375 fueris,
1383 1330 1414 1367 si
1436 1342 1483 1367 eo

152 1410 339 1453 tempore,
369 1413 449 1451 quo
476 1399 523 1440 C.
553 1398 691 1437 Furius
722 1406 759 1436 et
790 1399 846 1435 M.
871 1396 1071 1446 Geganius
1102 1408 1285 1434 censores
1315 1395 1482 1440 fuerunt,

153 1480 293 1506 censor
337 1465 500 1504 fuisses.’
568 1477 710 1514 negare
748 1462 901 1513 Appius
948 1460 1292 1511 interrogationem
1338 1458 1484 1497 tribuni
1504 1470 1523 1500 8

154 1546 299 1583 magno
319 1544 437 1581 opere
457 1531 508 1569 ad
529 1542 688 1568 causam
713 1529 908 1579 pertinere
935 1540 1045 1565 suam
1061 1541 1071 1573 3
1101 1539 1192 1564 nam
1220 1524 1291 1563 etsi
1316 1522 1485 1562 tenuerit
1503 1541 1523 1572 9

154 1600 215 1637 lex
236 1596 405 1636 Aemilia
433 1609 501 1635 eos
531 1608 727 1642 censores,
747 1606 916 1644 quorum
945 1594 984 1630 in
1013 1591 1239 1641 magistratu
1266 1592 1344 1628 lata
1370 1596 1483 1636 esset,

155 1662 247 1714 quia
266 1669 355 1712 post
376 1661 462 1700 illos
484 1673 666 1699 censores
687 1665 837 1698 creatos
859 1671 945 1696 eam
966 1658 1092 1706 legem
1120 1657 1290 1706 populus
1311 1654 1486 1693 iussisset

155 1729 344 1779 quodque
373 1734 616 1778 postremum
647 1724 831 1771 iussisset,
864 1723 904 1762 id
934 1722 992 1761 ius
1023 1729 1230 1771 ratumque
1260 1728 1372 1768 esset,
1404 1733 1484 1758 non

155 1802 288 1833 tamen
317 1800 384 1832 aut
413 1806 455 1831 se
483 1799 550 1830 aut
580 1804 715 1830 eorum
746 1801 1002 1840 quemquam,
1025 1787 1093 1837 qui
1122 1794 1212 1837 post
1241 1799 1327 1825 eam
1358 1787 1484 1835 legem

160 1861 279 1898 latam
300 1857 417 1896 creati
438 1869 620 1896 censores
641 1862 781 1902 essent,
804 1853 928 1893 teneri
955 1867 1001 1892 ea
1030 1854 1115 1902 lege
1142 1851 1328 1902 potuisse.
1387 1851 1485 1888 haec
1504 1857 1563 1899 34

161 1925 244 1963 sine
270 1922 385 1961 ullius
416 1923 586 1961 adsensu
613 1920 818 1959 cavillante
838 1919 971 1968 Appio
997 1919 1008 1936 ¹
1024 1919 1094 1955 en'
1116 1916 1254 1966 inquit,
1279 1914 1486 1964 ‘Quirites‚

161 1989 263 2027 illius
285 1987 404 2038 Appii
425 1985 643 2037 progenies,
659 1984 726 2035 qui
746 1983 946 2023 decemvir
965 1982 1006 2020 in
1025 1995 1174 2020 annum
1191 1988 1344 2020 creatus
1364 1982 1487 2019 altero

159 2066 265 2093 anno
295 2066 336 2091 se
366 2052 450 2103 ipse
480 2050 634 2098 creavit,
658 2049 772 2088 tertio
802 2062 875 2087 ηερ
905 2048 955 2086 ab
983 2061 1024 2086 se
1052 2060 1125 2086 nec
1151 2047 1201 2085 ab
1229 2048 1310 2085 ullo
1335 2052 1487 2084 creatus

158 2118 330 2170 privatus
360 2118 484 2155 fasces
514 2123 552 2154 et
581 2114 787 2166 imperium
813 2112 984 2152 obtinuit
1011 2126 1084 2151 nec
1105 2119 1196 2151 ante
1217 2111 1488 2150 continuando
1510 2127 1525 2149 2

159 2182 309 2222 abstitit
338 2181 576 2232 magistratu,
600 2193 719 2231 quarn
750 2179 960 2219 obruerent
990 2191 1081 2217 eum
1109 2178 1211 2216 male
1237 2184 1361 2227 parta,
1386 2177 1489 2214 male

160 2257 279 2300 gesta,
303 2249 404 2286 male
433 2254 584 2286 retenta
613 2245 787 2296 imperia.
846 2246 943 2283 haec
971 2251 1029 2282 est
1054 2244 1194 2282 eadem
1215 2242 1372 2290 familia,
1395 2241 1489 2291 Qui·
1510 2253 1527 2282 3

161 2314 262 2361 rites‚
285 2312 396 2351 cuius
415 2312 452 2351 vi
472 2319 590 2362 atque
612 2310 759 2349 iniuriis
780 2309 974 2360 compulsi
991 2316 1161 2347 extorres
1182 2307 1305 2358 patria
1327 2308 1487 2346 Sacrum

162 2386 339 2418 montem
355 2377 512 2428 cepistis
527 2392 537 2425 3
557 2378 666 2423 haec,
684 2377 870 2414 adversus
887 2388 1006 2425 quam
1027 2373 1279 2412 tribunicium
1301 2371 1488 2411 auxilium
