1747 2620
774 73 820 110 Τ.
854 73 971 110 LIVI

211 187 369 218 senatus
397 180 435 217 in
463 180 738 230 insequentem
761 192 922 226 annum,
953 192 1032 229 quo
1059 181 1134 228 Ap.
1157 177 1362 225 Claudius,
1392 180 1434 216 L.
1462 179 1539 216 Vo-

211 244 384 283 lumnius
409 246 591 283 consules
621 246 787 292 fuerunt,
815 244 1035 294 prorogavit
1063 243 1231 282 maxime
1252 242 1385 294 Appio
1408 244 1542 281 adver-

177 317 323 358 3sante
362 309 580 360 imperium.
651 309 826 359 Appium
865 322 1070 348 censorem
1109 308 1253 359 petisse
1291 309 1541 347 consulatum

212 374 452 425 comitiaque
490 374 573 413 eius
610 374 661 413 ab
695 377 736 412 L.
773 373 891 412 Furio
922 374 1081 412 tribuno
1119 373 1245 423 plebis
1285 373 1540 423 interpellata,

213 441 342 478 donec
364 453 405 478 se
419 453 583 478 censura
598 439 806 487 abdicavit,
825 439 864 477 in
882 438 1122 489 quibusdam
1142 438 1349 477 annalibus
1370 438 1539 476 invenio.

175 513 364 547 4creatus
403 507 553 553 consul,
594 519 685 544 cum
733 506 905 554 collegae
951 517 1099 542 novum
1145 504 1293 541 bellum
1337 502 1541 541 Sallentini

214 572 347 609 hostes
381 571 695 617 decernerentur,
733 572 886 608 Romae
926 568 1079 616 mansit,
1117 576 1159 606 ut
1199 567 1358 606 urbanis
1396 567 1544 606 artibus

176 653 195 685 5
215 649 310 686 opes
330 643 499 686 augeret,
518 636 679 685 quando
701 634 793 673 belli
814 635 935 672 decus
956 647 1077 684 penes
1094 632 1192 672 alios
1213 640 1327 672 esset.
1382 633 1545 671 Volum-

216 701 326 739 nium
366 700 590 751 provinciae
629 701 735 738 haud
771 698 988 750 paenituit3
1027 700 1150 737 multa
1190 699 1365 737 secunda
1398 697 1546 748 proelia

214 765 316 812 fecit,
348 765 498 815 aliquot
523 765 639 803 urbes
666 763 840 802 hostium
861 763 898 802 vi
925 763 1039 813 cepit.
1099 764 1266 813 praedae
1291 770 1371 801 erat
1391 762 1547 812 largitor

215 838 253 869 et
273 830 558 880 benignitatem
586 843 654 880 per
675 843 715 868 se
744 837 892 880 gratam
923 828 1109 867 comitate
1129 828 1341 868 adiuvabat
1369 828 1547 867 militem-

217 909 293 945 que
333 895 392 933 his
431 894 579 933 artibus
622 896 766 933 fecerat
813 902 851 932 et
894 893 1056 944 periculi
1103 901 1140 932 et
1188 893 1332 932 laboris
1374 894 1544 932 avidum.

177 968 199 1001 6
219 962 267 1009 Q.
301 959 446 998 Fabius
477 973 546 1009 pro
576 961 738 998 consule
767 960 818 998 ad
848 959 985 998 urbem
1015 958 1153 997 Allifas
1187 972 1278 997 cum
1314 958 1548 997 Samnitium

217 1025 389 1064 exercitu
411 1024 529 1075 signis
550 1024 716 1063 conlatis
737 1024 923 1074 confligit.
982 1023 1145 1062 minime
1165 1024 1350 1074 ambigua
1374 1037 1432 1062 res
1453 1023 1549 1072 fuit3

217 1090 292 1129 fusi
324 1091 457 1129 hostes
491 1097 611 1140 atque
646 1089 686 1128 in
724 1097 850 1128 castra
887 1088 1094 1140 compulsi.
1154 1103 1228 1128 nec
1263 1096 1389 1128 castra
1421 1091 1550 1128 forent

217 1163 378 1202 retenta,
409 1156 448 1193 ni
476 1154 659 1205 exiguum
687 1154 941 1205 superfuisset
968 1154 1046 1193 diei
1062 1169 1072 1203 3
1108 1162 1200 1194 ante
1228 1162 1387 1193 noctem
1417 1161 1550 1192 tamen

218 1227 309 1258 sunt
338 1218 595 1258 circumsessa
625 1227 663 1258 et
693 1226 810 1258 nocte
839 1219 1047 1267 custodita,
1079 1233 1130 1258 ne
1157 1219 1244 1270 quis
1275 1219 1377 1258 elabi
1404 1226 1547 1269 posset.

181 1304 199 1339 7
218 1292 376 1336 postero
397 1285 461 1324 die
483 1285 642 1323 vixdum
670 1286 758 1323 luce
782 1292 887 1323 certa
914 1284 1065 1323 deditio
1090 1284 1172 1323 fieri
1200 1292 1350 1334 coepta,
1374 1291 1413 1323 et
1432 1284 1548 1335 pacti,

220 1349 287 1400 qui
317 1349 553 1388 Samnitium
581 1351 720 1397 forent,
748 1357 790 1387 ut
819 1363 910 1388 cum
941 1349 1102 1399 singulis
1132 1349 1376 1388 vestimentis
1401 1349 1551 1387 emitte-

181 1421 201 1453 8
220 1422 353 1454 rentur
366 1429 376 1463 3
406 1415 432 1453 ii
453 1428 591 1454 omnes
613 1415 686 1453 sub
711 1414 845 1465 iugum
874 1414 992 1453 missi.
1052 1414 1168 1453 sociis
1198 1414 1431 1453 Samnitium
1455 1414 1551 1452 nihil

193 1487 405 1528 *cautum3
452 1481 503 1519 ad
543 1486 694 1530 septem
735 1478 841 1517 milia
879 1479 953 1518 sub
992 1493 1139 1518 corona
1177 1479 1342 1518 veniere.
1403 1480 1471 1529 qui
1510 1492 1552 1517 se

181 1560 201 1593 9
221 1545 346 1584 civem
370 1544 593 1583 Hernicum
618 1544 778 1591 dixerat,
801 1558 956 1583 seorsus
982 1544 1021 1582 in
1048 1544 1229 1583 custodia
1255 1545 1424 1583 habitus.
1484 1558 1552 1583 eos

222 1624 360 1649 omnes
393 1609 538 1648 Fabius
572 1611 744 1648 Romam
775 1610 826 1648 ad
858 1616 1038 1648 senatum
1073 1609 1177 1648 misit
1195 1624 1205 1658 3
1248 1617 1286 1648 et
1317 1623 1408 1648 cum
1438 1623 1565 1660 quae--

222 1676 339 1714 situm
368 1683 481 1722 esset,
508 1674 655 1714 dilectu
681 1688 732 1712 an
759 1673 967 1713 voluntarii
1000 1687 1071 1724 pro
1099 1674 1340 1713 Samnitibus
1367 1676 1553 1714 adversus

165 1753 206 1777 10
225 1742 429 1779 Romanos
444 1741 667 1787 bellassent,
683 1753 751 1790 per
769 1739 930 1778 Latinos
947 1741 1114 1789 populos
1132 1740 1382 1779 custodiendi
1398 1741 1551 1784 dantur,

222 1805 396 1856 iussique
431 1819 517 1844 eam
557 1804 747 1855 integram
787 1818 868 1843 rem
908 1804 1000 1843 novi
1039 1806 1221 1844 consules
1261 1807 1303 1843 P.
1346 1805 1554 1845 Cornelius

223 1870 380 1917 Arvina,
405 1872 453 1919 Q.
482 1869 656 1908 Marcius
686 1869 993 1909 Tremulus—hi
1014 1869 1120 1908 enim
1147 1869 1224 1908 iam
1250 1870 1369 1909 creati
1390 1878 1553 1909 erant-—

165 1954 199 1977 11
222 1938 272 1975 ad
312 1943 492 1975 senatum
531 1936 682 1974 referre.
742 1935 782 1974 id
821 1948 934 1985 aegre
968 1934 1072 1985 passi
1108 1934 1297 1983 Hernici3
1340 1935 1553 1974 concilium

224 1989 460 2051 populorum
491 2000 670 2039 omnium
699 1999 938 2038 habentibus
969 1999 1187 2050 Anagninis
1217 1999 1258 2038 in
1287 2000 1402 2048 circo,
1435 2015 1554 2051 quem

226 2065 471 2104 Maritimum
502 2073 657 2114 vocant,
691 2073 842 2115 praeter
881 2064 1141 2104 Aletrinatem
1181 2066 1554 2117 Ferentinatemque

225 2139 262 2169 et
310 2133 553 2169 Verulanum
602 2144 740 2169 omnes
790 2130 956 2170 Hernici
1004 2130 1176 2170 nominis
1220 2133 1363 2182 populi
1406 2133 1554 2183 populo

226 2197 411 2234 Romano
440 2195 589 2234 bellum
618 2195 852 2234 indixerunt.

147 2269 205 2313 43
281 2263 329 2300 In
363 2261 526 2300 Samnio
560 2274 731 2311 quoque,
766 2260 859 2310 quia
892 2262 1114 2300 decesserat
1147 2261 1240 2300 inde
1275 2260 1431 2310 Fabius,
1464 2259 1556 2301 novi

228 2334 356 2366 motus
390 2325 522 2365 exorti.
594 2325 746 2365 Calatia
779 2332 818 2364 et
852 2326 947 2364 Sora
981 2325 1265 2376 praesidiaque,
1302 2340 1402 2376 quae
1437 2326 1476 2364 in
1508 2325 1554 2364 iis
