1747 2620
800 113 847 150 T.
881 111 997 149 LIVI

197 235 217 267 9
241 222 385 260 randae
407 219 613 271 superbiae
633 220 857 270 confugiam
879 226 917 258 et
936 219 1136 270 precabor,
1153 226 1194 258 ut
1215 218 1289 257 iras
1310 232 1398 257 suas
1414 224 1565 257 vertant

237 286 276 325 in
297 300 375 333 eos,
399 285 543 337 quibus
573 299 653 324 non
683 299 776 325 suae
804 285 980 324 redditae
1009 298 1079 332 res,
1102 298 1183 323 non
1207 283 1358 322 alienae
1377 284 1565 322 adcumu-

237 353 337 390 latae
358 352 449 389 satis
471 350 547 390 sint
564 366 574 399 3
604 364 771 401 quorum
794 349 995 389 saevitiam
1017 363 1097 388 non
1119 362 1223 388 mors
1244 348 1460 396 noxiorum,
1485 361 1564 387 non

238 415 389 454 deditio
405 415 716 454 exanimatorum
731 428 952 465 corporum,
968 428 1049 453 non
1064 415 1170 452 bona
1190 413 1395 463 sequentia
1411 412 1564 452 domini

237 480 483 520 deditionem
500 482 690 520 exsatient
708 495 718 529 3
747 479 890 531 placari
900 479 971 530 qui
988 486 1198 529 nequeant,
1216 478 1290 517 nisi
1304 478 1564 517 hauriendum

180 561 219 584 10
238 546 468 596 sanguinem
483 546 746 595 laniandaque
760 544 907 583 viscera
921 552 1055 583 nostra
1074 544 1378 594 praebuerimus.
1421 544 1564 581 iustum

238 620 296 651 est
334 613 493 660 bellum,
535 611 741 659 Samnites,
783 610 926 661 quibus
965 610 1241 657 necessarium,
1282 617 1319 648 et
1358 608 1422 659 pia
1460 622 1567 647 arma

180 694 213 717 11
238 677 382 728 quibus
412 679 518 717 nulla
548 676 621 715 nisi
651 676 691 714 in
720 675 837 714 armis
867 675 1097 726 relinquitur
1118 688 1220 726 spes.
1276 673 1452 725 proinde,
1475 687 1564 712 cum

237 756 364 781 rerum
386 743 647 780 humanarum
670 740 883 779 maximum
905 747 1152 779 momentum
1174 739 1232 787 sit,
1250 752 1368 790 quam
1389 738 1567 789 propitiis

238 821 330 854 rem,
353 821 472 857 quam
493 806 665 846 adversis
686 814 802 856 agant
823 806 897 854 dis,
918 819 988 856 pro
1012 813 1119 844 certo
1144 805 1287 843 habete
1311 803 1438 854 priora
1465 804 1568 842 bella

236 874 422 911 adversus
454 874 551 911 deos
586 872 708 922 magis
740 885 857 922 quam
899 870 1079 910 homines
1113 870 1288 920 gessisse,
1330 870 1418 916 hoc,
1459 869 1568 919 quod

194 948 218 976 2
237 937 366 984 instat,
400 936 568 976 ducibus
601 936 693 987 ipsis
728 936 788 975 dis
818 937 1019 986 gesturos.²
1077 937 1174 974 haec
1204 948 1285 972 non
1314 935 1415 972 laeta
1446 935 1567 984 magis

238 1016 355 1052 quam
378 1016 467 1040 vera
487 1001 720 1040 vaticinatus
742 1000 912 1039 exercitu
934 1001 1079 1039 educto
1101 999 1203 1037 circa
1224 997 1421 1039 Caudium
1444 1005 1568 1036 castra

200 1083 216 1107 ε
237 1080 355 1119 quam
378 1074 508 1117 potest
529 1065 794 1105 occultissime
815 1067 942 1113 locat,
972 1065 1066 1104 inde
1093 1066 1143 1103 ad
1174 1063 1378 1110 Calatiam,
1402 1063 1469 1101 ubi
1490 1063 1566 1101 iam

236 1133 420 1171 consules
451 1134 656 1170 Romanos
686 1138 891 1181 castraque
921 1144 1006 1169 esse
1034 1129 1232 1176 audiebat,
1264 1128 1407 1166 milites
1428 1129 1567 1167 decem

238 1205 438 1248 pastorum
460 1196 597 1234 habitu
619 1195 737 1234 mittit
758 1209 980 1245 pecoraque
995 1195 1180 1240 diversos,
1197 1193 1315 1232 alium
1338 1192 1442 1240 alibi,
1461 1193 1568 1231 haud

199 1275 218 1307 3
237 1263 373 1313 procul
396 1260 588 1300 Romanis
613 1274 772 1311 pascere
801 1260 910 1298 iubet
942 1258 1170 1309 praesidiis,
1199 1257 1267 1296 ubi
1298 1257 1507 1296 inciderint
1528 1257 1567 1295 in

238 1328 500 1378 praedatores,
542 1332 584 1364 ut
623 1325 728 1364 idem
772 1324 958 1363 omnibus
997 1337 1126 1363 sermo
1165 1330 1343 1362 constet:
1393 1322 1567 1372 legiones

238 1391 473 1431 Samnitium
504 1390 544 1429 in
574 1390 718 1441 Apulia
750 1404 848 1438 esse,
882 1389 1087 1428 Luceriam
1123 1388 1308 1427 omnibus
1343 1387 1466 1437 copiis
1501 1386 1569 1425 cir-

197 1458 478 1508 4cumsedere‚
522 1469 593 1494 nec
633 1457 769 1506 procul
808 1454 957 1500 abesse,
994 1454 1089 1504 quin
1124 1453 1161 1491 vi
1200 1453 1366 1503 capiant.
1425 1453 1502 1490 iam
1538 1451 1568 1489 is

239 1536 379 1569 rumor,
403 1529 441 1560 et
470 1529 561 1560 ante
588 1522 639 1559 de
665 1519 856 1559 industria
876 1521 1065 1569 vulgatus,
1090 1525 1248 1557 venerat
1271 1519 1321 1557 ad
1350 1517 1565 1563 Romanos,

238 1589 307 1626 sed
342 1588 461 1626 fidem
496 1599 637 1624 auxere
668 1584 823 1636 captivi,
859 1598 907 1623 eo
942 1585 1120 1630 maxime,
1158 1584 1267 1633 quod
1306 1595 1434 1621 sermo
1469 1581 1569 1620 inter

203 1666 376 1702 5omnes
416 1651 667 1702 congruebat.
746 1651 852 1688 haud
891 1657 971 1688 erat
1010 1648 1188 1695 dubium,
1230 1647 1325 1698 quin
1365 1647 1568 1686 Lucerinis

238 1732 355 1769 opem
386 1720 593 1756 Romanus
622 1717 747 1762 ferret,
780 1715 895 1754 bonis
924 1729 971 1753 ac
1000 1714 1183 1753 fidelibus
1213 1713 1340 1759 sociis,
1373 1712 1488 1751 simul
1518 1726 1567 1751 ne

237 1782 383 1833 Apulia
409 1781 537 1821 omnis
563 1782 614 1820 ad
642 1787 888 1831 praesentem
914 1787 1098 1818 terrorem
1129 1779 1314 1818 deficeret
1329 1793 1338 1825 3
1368 1791 1413 1816 ea
1434 1778 1567 1824 modo,

199 1855 220 1888 6
238 1862 316 1899 qua
336 1848 446 1895 irent,
469 1846 706 1886 consultatio
727 1847 811 1884 fuit.
869 1847 971 1884 duae
984 1846 1035 1884 ad
1050 1845 1255 1883 Luceriam
1272 1844 1448 1882 ferebant
1469 1843 1564 1888 viae,

237 1915 358 1952 altera
396 1920 546 1963 praeter
584 1925 692 1950 oram
732 1911 860 1962 superi
900 1910 1026 1957 maris,
1056 1917 1194 1961 patens
1232 1916 1455 1960 apertaque,
1497 1909 1566 1946 sed

239 1985 387 2028 quanto
414 1977 543 2024 tutior,
573 1984 684 2015 tanto
713 1977 792 2014 fere
822 1975 984 2026 longior,
1017 1976 1136 2013 altera
1166 1988 1234 2025 per
1263 1975 1432 2012 furculas
1463 1973 1566 2013 Cau-

202 2042 367 2091 7dinas,
397 2043 574 2090 brevior3
615 2042 686 2081 sed
722 2041 775 2079 ita
807 2048 921 2079 natus
956 2042 1066 2079 locus
1098 2047 1183 2078 est:
1218 2041 1338 2078 saltus
1373 2040 1454 2078 duo
1487 2036 1566 2085 alti,

238 2107 392 2159 angusti
423 2107 634 2157 silvosique
664 2114 765 2153 sunt,
799 2106 1000 2146 montibus
1030 2106 1132 2144 circa
1160 2104 1358 2156 perpetuis
1393 2105 1567 2145 interse

239 2172 387 2221 iuncti;
434 2172 534 2211 iacet
574 2171 674 2210 inter
712 2184 780 2210 eos
827 2170 918 2209 satis
957 2178 1107 2221 patens,
1149 2171 1303 2208 clausus
1342 2168 1382 2207 in
1421 2167 1565 2215 medio,

239 2251 402 2288 campus
431 2236 618 2276 herbidus
648 2248 911 2285 aquosusque,
934 2249 1003 2286 per
1031 2248 1150 2286 quem
1180 2235 1355 2273 medium
1386 2233 1457 2272 iter
1484 2240 1570 2280 est;

198 2310 220 2346 Β,
240 2304 310 2344 sed
338 2309 551 2353 antequam
578 2300 711 2340 venias
740 2301 791 2340 ad
820 2313 923 2348 eum,
955 2299 1160 2340 intrandae
1189 2299 1337 2350 primae
1365 2297 1568 2348 angustiae

239 2376 340 2416 sunt,
364 2375 402 2407 et
425 2374 492 2406 aut
519 2367 670 2413 eadem,
695 2379 772 2417 qua
798 2372 835 2404 te
860 2364 1128 2413 insinuaveris,
1150 2371 1251 2404 retro
1272 2365 1334 2403 via
1353 2363 1568 2414 repetenda
