1747 2620
357 141 426 178 AB
459 140 606 177 VRBE
635 138 892 178 CONDITA
925 139 1026 175 LIB.
1062 139 1132 174 IX.
1164 150 1224 185 39,
1257 150 1306 182 40

168 247 359 285 intulisset
375 247 494 296 signa,
515 244 682 284 turbavit
699 244 856 283 ordines
870 252 908 282 ct
922 246 1028 283 haud
1046 244 1166 283 dubie
1183 243 1337 294 impulit
1353 241 1489 281 aciem.

168 313 276 362 quod
311 311 378 349 ubi
417 311 538 349 sensit
569 309 749 356 dictator,
785 309 859 347 ‘ab
898 310 1061 347 laevone
1097 322 1219 347 cornu
1249 307 1411 346 victoria
1439 306 1493 344 in·
1519 322 1557 344 10

167 377 309 426 cipict'
339 376 475 426 inquit,
513 379 572 414 ‘et
602 376 781 413 dextrum
803 388 938 420 cornu,
962 374 1164 412 dictatoris
1185 373 1300 420 acies,
1324 372 1493 411 alienam

169 455 339 491 pugnam
367 448 562 490 sequetur,
586 454 666 478 non
694 446 843 490 partem
874 438 1083 476 maximam
1106 438 1290 476 victoriae
1318 436 1497 475 trahet?'

168 506 340 545 concitat
363 506 528 553 milites3
560 519 632 544 nec
656 504 835 555 peditum
856 503 987 542 virtuti
1012 502 1165 552 equites
1191 510 1258 540 aut
1279 504 1495 551 legatorum
1525 514 1553 536 ¹1

169 572 299 611 studia
327 571 496 610 ducibus
526 571 684 609 cedunt.
746 571 803 608 M.
830 568 1009 607 Valerius
1039 581 1062 606 a
1091 569 1240 614 dextro,
1274 569 1314 605 P.
1350 567 1496 605 Decius
1521 582 1557 604 12

168 637 220 675 ab
249 638 360 675 laevo
390 649 523 682 cornu,
557 635 677 673 ambo
710 635 949 681 consulares,
978 634 1028 671 ad
1061 632 1212 682 equites
1243 631 1281 668 in
1313 630 1497 669 cornibus

170 701 318 752 positos
339 702 558 739 evehuntur
577 698 854 749 adhortatique
876 711 954 745 eos,
977 705 1019 736 ut
1040 705 1190 747 partem
1212 709 1345 734 secum
1368 709 1498 745 capes-

169 774 298 806 serent
327 765 491 812 decoris‚
523 765 562 803 in
593 773 811 803 transversa
841 765 961 802 latera
990 762 1163 801 hostium
1193 761 1406 800 incurrunt.
1466 760 1498 799 is
1520 772 1557 802 13

170 846 294 872 novus
323 831 482 871 additus
512 839 632 869 terror
657 844 747 868 cum
776 843 822 868 ex
852 836 960 880 parte
990 836 1154 878 utraque
1186 825 1499 866 circumvasisset

168 897 293 936 aciem
324 904 362 936 et
390 898 441 935 ad
473 904 659 934 terrorem
689 894 863 933 hostium
893 893 1067 944 legiones
1099 895 1306 931 Romanae
1333 891 1499 930 redinte-

168 971 278 1014 grato
307 964 478 1001 clamore
508 961 730 999 intulissent
758 961 934 1010 gradum,
959 967 1042 997 tum
1070 960 1161 1008 fuga
1186 958 1236 996 ab
1256 956 1499 997 Samnitibus

170 1035 320 1078 coepta.
369 1027 447 1065 iam
469 1034 593 1076 strage
615 1025 822 1064 hominum
842 1036 1120 1073 armorumque
1142 1022 1353 1073 insignium
1369 1020 1500 1071 campi
1522 1033 1560 1064 14

171 1092 318 1144 repleri.
377 1106 422 1130 ac
454 1091 581 1142 primo
613 1090 776 1141 pavidos
811 1089 1007 1128 Samnites
1039 1095 1164 1126 castra
1195 1100 1266 1125 sua
1298 1099 1496 1136 accepere,

171 1158 317 1197 deinde
357 1172 406 1196 ne
445 1171 491 1195 ea
529 1156 691 1206 quidem
738 1162 889 1193 retenta
907 1169 917 1202 3
965 1153 1088 1204 captis
1127 1151 1369 1202 direptisque
1407 1158 1498 1189 ante

170 1231 329 1262 noctem
350 1222 517 1261 iniectus
539 1221 648 1272 ignis.
709 1219 878 1260 dictator
898 1234 945 1259 ex
972 1226 1129 1258 senatus
1154 1219 1337 1257 consulto
1366 1215 1498 1255 trium·
1521 1226 1558 1260 15

171 1288 314 1339 phavit,
347 1287 458 1326 cuius
490 1287 692 1337 triumpho
725 1287 842 1336 longe
882 1284 1092 1323 maximam
1133 1282 1306 1333 speciem
1346 1280 1500 1332 captiva

171 1367 278 1392 arma
311 1353 536 1403 praebuere.
597 1358 751 1390 tantum
781 1349 1097 1400 magnificentiae
1128 1348 1254 1386 visum
1291 1347 1330 1385 in
1362 1346 1420 1394 iis,
1456 1352 1499 1384 ut
1521 1349 1559 1382 16

170 1426 305 1457 aurata
320 1425 430 1457 scuta
446 1416 618 1456 dominis
632 1415 937 1467 argentariorum
952 1415 1002 1453 ad
1019 1415 1145 1452 forum
1167 1412 1390 1452 ornandum
1406 1410 1486 1450 divi

171 1485 366 1523 derentur.
426 1482 520 1521 inde
540 1490 678 1520 natum
706 1480 861 1519 initium
883 1479 1025 1519 dicitur
1046 1478 1117 1517 fori
1139 1476 1305 1517 ornandi
1326 1477 1377 1515 ab
1396 1475 1500 1514 aedi-

171 1548 285 1598 libus,
329 1561 419 1587 cum
467 1555 602 1586 tensae
645 1548 892 1585 ducerentur.
953 1552 991 1583 et
1034 1543 1208 1583 Romani
1247 1542 1409 1593 quidem
1448 1541 1499 1580 ad
1522 1553 1560 1586 17

172 1615 364 1653 honorem
398 1614 519 1652 deum
551 1611 770 1662 insignibus
804 1610 921 1649 armis
952 1609 1125 1649 hostium
1155 1610 1214 1647 usi
1241 1614 1332 1647 sunt
1347 1622 1358 1655 3
1387 1608 1501 1647 Cam-

172 1679 264 1730 pani
306 1680 356 1717 ab
401 1678 584 1729 superbia
622 1685 661 1716 et
699 1676 793 1716 odio
832 1675 1067 1715 Samnitium
1106 1674 1351 1725 gladiatores,
1391 1673 1501 1722 quod

172 1745 440 1795 spectaculum
470 1743 570 1782 inter
599 1744 734 1793 epulas
764 1749 856 1789 erat,
879 1755 927 1780 eo
957 1747 1096 1779 ornatu
1126 1745 1325 1778 armarunt
1352 1736 1502 1777 Samni-

172 1809 350 1860 tiumque
372 1809 533 1849 nomine
555 1810 851 1859 compellarunt.

229 1876 385 1914 Eodem
423 1887 529 1913 anno
561 1887 652 1912 cum
685 1872 857 1923 reliquiis
898 1873 1155 1910 Etruscorum
1193 1871 1244 1909 ad
1284 1867 1496 1915 Perusiam,
1522 1879 1560 1910 18

173 1954 274 1991 quae
303 1947 342 1978 et
370 1939 455 1989 ipsa
484 1938 724 1977 indutiarum
754 1938 875 1976 fidem
897 1943 1064 1987 ruperat,
1086 1935 1231 1974 Fabius
1259 1934 1398 1973 consul
1425 1946 1500 1971 nec

173 2005 295 2045 dubia
316 2018 388 2044 nec
409 2003 558 2044 difficili
578 2002 740 2042 victoria
767 2002 939 2041 dimicat.
1000 2001 1129 2052 ipsum
1157 2000 1500 2051 oppidum—nam
1522 2015 1561 2048 19

174 2072 225 2110 ad
265 2069 423 2109 moenia
461 2069 584 2108 victor
622 2067 1033 2117 accessit—cepisset,
1074 2066 1115 2104 ni
1152 2065 1269 2115 legati
1307 2065 1501 2104 dedentes

174 2137 313 2175 urbem
341 2134 521 2173 exissent.
581 2133 778 2184 praesidio
808 2133 992 2172 Perusiae
1016 2131 1213 2182 imposito,
1237 2129 1500 2181 legationibus
1521 2142 1562 2164 20

175 2200 352 2239 Etruriae
372 2199 584 2238 amicitiam
606 2198 832 2249 petentibus
859 2211 951 2249 prae
980 2211 1022 2237 se
1046 2199 1218 2236 Romam
1248 2197 1299 2235 ad
1320 2201 1501 2234 senatum

175 2265 318 2315 missis,
348 2266 488 2304 consul
523 2263 804 2315 praestantiore
838 2263 957 2302 etiam
989 2276 1109 2313 quam
1143 2262 1311 2301 dictator
1340 2259 1502 2299 victoria

174 2331 419 2381 triumphans
459 2329 597 2369 urbem
637 2336 696 2368 est
734 2328 937 2377 invectus;
977 2327 1073 2379 quin
1105 2327 1224 2367 etiam
1255 2325 1500 2366 devictorum
1523 2336 1557 2358 21

175 2395 410 2436 Samnitium
431 2396 553 2434 decus
575 2408 715 2444 magna
736 2408 782 2433 ex
813 2401 921 2444 parte
947 2395 998 2432 ad
1019 2395 1178 2443 legatos,
1203 2394 1244 2431 P.
1270 2390 1439 2430 Decium
1461 2396 1499 2427 et
