<?xml version="1.0" encoding="UTF-8"?>
<!DOCTYPE html PUBLIC "-//W3C//DTD XHTML 1.0 Transitional//EN"
    "http://www.w3.org/TR/xhtml1/DTD/xhtml1-transitional.dtd">
<html xmlns="http://www.w3.org/1999/xhtml" xml:lang="en" lang="en">
 <head>
  <title>
</title>
<meta http-equiv="Content-Type" content="text/html;charset=utf-8" />
  <meta name='ocr-system' content='tesseract 3.04.00' />
  <meta name='ocr-capabilities' content='ocr_page ocr_carea ocr_par ocr_line ocrx_word'/>
</head>
<body>
  <div class='ocr_page' id='page_1' title='image "./aburbeconditalib00livyuoft_0071.png"; bbox 0 0 1747 2620; ppageno 0'>
   <div class='ocr_carea' id='block_1_1' title="bbox 357 131 1310 178">
    <p class='ocr_par' dir='ltr' id='par_1_1' title="bbox 357 131 1310 178">
     <span class='ocr_line' id='line_1_1' title="bbox 357 131 1310 178; baseline -0.004 -7"><span class='ocrx_word' id='word_1_1' title='bbox 357 135 426 172; x_wconf 75' lang='lat' dir='ltr'>AB</span> <span class='ocrx_word' id='word_1_2' title='bbox 460 133 606 170; x_wconf 83' lang='lat' dir='ltr'><strong>VRBE</strong></span> <span class='ocrx_word' id='word_1_3' title='bbox 638 131 894 170; x_wconf 78' lang='lat' dir='ltr'><strong>CONDITA</strong></span> <span class='ocrx_word' id='word_1_4' title='bbox 928 132 1030 168; x_wconf 87' lang='lat' dir='ltr'>LIB.</span> <span class='ocrx_word' id='word_1_5' title='bbox 1063 131 1133 169; x_wconf 81' lang='lat' dir='ltr'>lx.</span> <span class='ocrx_word' id='word_1_6' title='bbox 1168 131 1230 178; x_wconf 74' lang='lat'>38,</span> <span class='ocrx_word' id='word_1_7' title='bbox 1262 141 1310 178; x_wconf 84' lang='lat'>39</span> 
     </span>
    </p>
   </div>
   <div class='ocr_carea' id='block_1_2' title="bbox 158 235 1569 2366">
    <p class='ocr_par' dir='ltr' id='par_1_2' title="bbox 158 235 1569 2366">
     <span class='ocr_line' id='line_1_2' title="bbox 159 235 1547 290; baseline -0.006 -9"><span class='ocrx_word' id='word_1_8' title='bbox 159 241 327 289; x_wconf 89' lang='lat' dir='ltr'>incertis,</span> <span class='ocrx_word' id='word_1_9' title='bbox 368 239 557 290; x_wconf 82' lang='lat' dir='ltr'><strong>quidnam</strong></span> <span class='ocrx_word' id='word_1_10' title='bbox 605 245 761 277; x_wconf 87' lang='lat' dir='ltr'>acturus</span> <span class='ocrx_word' id='word_1_11' title='bbox 807 244 920 285; x_wconf 84' lang='lat' dir='ltr'>esset,</span> <span class='ocrx_word' id='word_1_12' title='bbox 965 237 1100 288; x_wconf 86' lang='lat' dir='ltr'>legatis</span> <span class='ocrx_word' id='word_1_13' title='bbox 1139 235 1325 283; x_wconf 66' lang='lat' dir='ltr'>recessit,</span> <span class='ocrx_word' id='word_1_14' title='bbox 1368 240 1485 273; x_wconf 85' lang='lat' dir='ltr'>nocte</span> <span class='ocrx_word' id='word_1_15' title='bbox 1508 247 1547 279; x_wconf 80' lang='lat'>14</span> 
     </span>
     <span class='ocr_line' id='line_1_3' title="bbox 159 299 1484 352; baseline -0.006 -6"><span class='ocrx_word' id='word_1_16' title='bbox 159 307 304 347; x_wconf 90' lang='lat' dir='ltr'>deinde</span> <span class='ocrx_word' id='word_1_17' title='bbox 334 305 500 352; x_wconf 88' lang='lat' dir='ltr'>silentio,</span> <span class='ocrx_word' id='word_1_18' title='bbox 524 311 565 343; x_wconf 89' lang='lat' dir='ltr'>ut</span> <span class='ocrx_word' id='word_1_19' title='bbox 595 317 680 342; x_wconf 91' lang='lat' dir='ltr'>mos</span> <span class='ocrx_word' id='word_1_20' title='bbox 710 310 779 350; x_wconf 91' lang='lat' dir='ltr'>est,</span> <span class='ocrx_word' id='word_1_21' title='bbox 812 304 854 340; x_wconf 96' lang='lat' dir='ltr'>L.</span> <span class='ocrx_word' id='word_1_22' title='bbox 887 302 1083 352; x_wconf 89' lang='lat' dir='ltr'>Papirium</span> <span class='ocrx_word' id='word_1_23' title='bbox 1114 301 1347 340; x_wconf 86' lang='lat' dir='ltr'>dictatorem</span> <span class='ocrx_word' id='word_1_24' title='bbox 1377 299 1484 338; x_wconf 85' lang='lat' dir='ltr'>dixit.</span> 
     </span>
     <span class='ocr_line' id='line_1_4' title="bbox 158 365 1486 418; baseline -0.006 -8"><span class='ocrx_word' id='word_1_25' title='bbox 158 372 222 411; x_wconf 87' lang='lat' dir='ltr'>cui</span> <span class='ocrx_word' id='word_1_26' title='bbox 251 384 342 409; x_wconf 91' lang='lat' dir='ltr'>cum</span> <span class='ocrx_word' id='word_1_27' title='bbox 373 370 424 409; x_wconf 90' lang='lat' dir='ltr'>ob</span> <span class='ocrx_word' id='word_1_28' title='bbox 454 370 631 408; x_wconf 86' lang='lat' dir='ltr'>animum</span> <span class='ocrx_word' id='word_1_29' title='bbox 661 367 812 418; x_wconf 79' lang='lat' dir='ltr'><strong>egregie</strong></span> <span class='ocrx_word' id='word_1_30' title='bbox 833 366 980 405; x_wconf 88' lang='lat' dir='ltr'>victum</span> <span class='ocrx_word' id='word_1_31' title='bbox 1010 366 1126 416; x_wconf 88' lang='lat' dir='ltr'>legati</span> <span class='ocrx_word' id='word_1_32' title='bbox 1155 365 1294 416; x_wconf 81' lang='lat' dir='ltr'>gratias</span> <span class='ocrx_word' id='word_1_33' title='bbox 1316 371 1486 416; x_wconf 87' lang='lat' dir='ltr'>agerent,</span> 
     </span>
     <span class='ocr_line' id='line_1_5' title="bbox 159 429 1487 481; baseline -0.006 -6"><span class='ocrx_word' id='word_1_34' title='bbox 159 436 401 475; x_wconf 90' lang='lat' dir='ltr'>obstinatum</span> <span class='ocrx_word' id='word_1_35' title='bbox 423 434 620 473; x_wconf 89' lang='lat' dir='ltr'>silentium</span> <span class='ocrx_word' id='word_1_36' title='bbox 643 432 813 472; x_wconf 85' lang='lat' dir='ltr'>obtinuit</span> <span class='ocrx_word' id='word_1_37' title='bbox 833 445 878 470; x_wconf 91' lang='lat' dir='ltr'>ac</span> <span class='ocrx_word' id='word_1_38' title='bbox 906 431 990 470; x_wconf 91' lang='lat' dir='ltr'>sine</span> <span class='ocrx_word' id='word_1_39' title='bbox 1010 444 1199 481; x_wconf 90' lang='lat' dir='ltr'>responso</span> <span class='ocrx_word' id='word_1_40' title='bbox 1218 443 1264 468; x_wconf 90' lang='lat' dir='ltr'>ac</span> <span class='ocrx_word' id='word_1_41' title='bbox 1285 429 1487 468; x_wconf 82' lang='lat' dir='ltr'>mentione</span> 
     </span>
     <span class='ocr_line' id='line_1_6' title="bbox 159 495 1486 550; baseline -0.007 -10"><span class='ocrx_word' id='word_1_42' title='bbox 159 501 250 541; x_wconf 88' lang='lat' dir='ltr'>faeti</span> <span class='ocrx_word' id='word_1_43' title='bbox 282 500 341 539; x_wconf 92' lang='lat' dir='ltr'>sui</span> <span class='ocrx_word' id='word_1_44' title='bbox 372 502 520 550; x_wconf 90' lang='lat' dir='ltr'>legatos</span> <span class='ocrx_word' id='word_1_45' title='bbox 561 498 720 544; x_wconf 80' lang='lat' dir='ltr'>dimisit,</span> <span class='ocrx_word' id='word_1_46' title='bbox 756 504 798 536; x_wconf 90' lang='lat' dir='ltr'>ut</span> <span class='ocrx_word' id='word_1_47' title='bbox 841 503 1044 547; x_wconf 76' lang='lat' dir='ltr'>appareret</span> <span class='ocrx_word' id='word_1_48' title='bbox 1083 495 1276 545; x_wconf 84' lang='lat' dir='ltr'>insignem</span> <span class='ocrx_word' id='word_1_49' title='bbox 1308 495 1486 532; x_wconf 90' lang='lat' dir='ltr'>dolorem</span> 
     </span>
     <span class='ocr_line' id='line_1_7' title="bbox 160 558 1547 616; baseline -0.007 -12"><span class='ocrx_word' id='word_1_50' title='bbox 160 564 308 616; x_wconf 88' lang='lat' dir='ltr'>ingenti</span> <span class='ocrx_word' id='word_1_51' title='bbox 338 563 545 614; x_wconf 85' lang='lat' dir='ltr'>comprimi</span> <span class='ocrx_word' id='word_1_52' title='bbox 576 562 723 601; x_wconf 87' lang='lat' dir='ltr'>animo.</span> <span class='ocrx_word' id='word_1_53' title='bbox 782 560 959 611; x_wconf 82' lang='lat' dir='ltr'>Papirius</span> <span class='ocrx_word' id='word_1_54' title='bbox 991 561 1034 600; x_wconf 89' lang='lat' dir='ltr'>C.</span> <span class='ocrx_word' id='word_1_55' title='bbox 1069 558 1229 597; x_wconf 89' lang='lat' dir='ltr'>Iunium</span> <span class='ocrx_word' id='word_1_56' title='bbox 1262 558 1485 595; x_wconf 82' lang='lat' dir='ltr'>Bubulcum</span> <span class='ocrx_word' id='word_1_57' title='bbox 1510 573 1547 606; x_wconf 87' lang='lat'>15</span> 
     </span>
     <span class='ocr_line' id='line_1_8' title="bbox 160 622 1488 681; baseline -0.008 -12"><span class='ocrx_word' id='word_1_58' title='bbox 160 630 387 681; x_wconf 84' lang='lat' dir='ltr'>magistrum</span> <span class='ocrx_word' id='word_1_59' title='bbox 426 628 605 679; x_wconf 87' lang='lat' dir='ltr'>equitum</span> <span class='ocrx_word' id='word_1_60' title='bbox 644 627 766 675; x_wconf 78' lang='lat' dir='ltr'>dixit3</span> <span class='ocrx_word' id='word_1_61' title='bbox 813 634 932 675; x_wconf 89' lang='lat' dir='ltr'>atque</span> <span class='ocrx_word' id='word_1_62' title='bbox 971 625 1006 664; x_wconf 89' lang='lat' dir='ltr'>ei</span> <span class='ocrx_word' id='word_1_63' title='bbox 1044 626 1171 674; x_wconf 92' lang='lat' dir='ltr'>legem</span> <span class='ocrx_word' id='word_1_64' title='bbox 1210 622 1399 661; x_wconf 83' lang='lat' dir='ltr'>curiatam</span> <span class='ocrx_word' id='word_1_65' title='bbox 1438 623 1488 660; x_wconf 88' lang='lat' dir='ltr'>de</span> 
     </span>
     <span class='ocr_line' id='line_1_9' title="bbox 159 685 1489 746; baseline -0.008 -12"><span class='ocrx_word' id='word_1_66' title='bbox 159 695 324 746; x_wconf 90' lang='lat' dir='ltr'>imperio</span> <span class='ocrx_word' id='word_1_67' title='bbox 344 693 482 733; x_wconf 90' lang='lat' dir='ltr'>ferenti</span> <span class='ocrx_word' id='word_1_68' title='bbox 503 692 611 731; x_wconf 89' lang='lat' dir='ltr'>triste</span> <span class='ocrx_word' id='word_1_69' title='bbox 639 704 757 730; x_wconf 87' lang='lat' dir='ltr'>omen</span> <span class='ocrx_word' id='word_1_70' title='bbox 778 690 884 730; x_wconf 90' lang='lat' dir='ltr'>diem</span> <span class='ocrx_word' id='word_1_71' title='bbox 912 689 1063 736; x_wconf 83' lang='lat' dir='ltr'>diffidit,</span> <span class='ocrx_word' id='word_1_72' title='bbox 1087 688 1196 738; x_wconf 89' lang='lat' dir='ltr'>quod</span> <span class='ocrx_word' id='word_1_73' title='bbox 1219 686 1363 725; x_wconf 81' lang='lat' dir='ltr'>Faucia</span> <span class='ocrx_word' id='word_1_74' title='bbox 1383 685 1489 724; x_wconf 86' lang='lat' dir='ltr'>curia</span> 
     </span>
     <span class='ocr_line' id='line_1_10' title="bbox 159 751 1490 810; baseline -0.008 -11"><span class='ocrx_word' id='word_1_75' title='bbox 159 761 231 800; x_wconf 89' lang='lat' dir='ltr'>fuit</span> <span class='ocrx_word' id='word_1_76' title='bbox 260 758 507 810; x_wconf 85' lang='lat' dir='ltr'>principium,</span> <span class='ocrx_word' id='word_1_77' title='bbox 539 757 694 796; x_wconf 88' lang='lat' dir='ltr'>duabus</span> <span class='ocrx_word' id='word_1_78' title='bbox 723 756 886 806; x_wconf 89' lang='lat' dir='ltr'>insignis</span> <span class='ocrx_word' id='word_1_79' title='bbox 916 754 1106 801; x_wconf 85' lang='lat' dir='ltr'>cladibus,</span> <span class='ocrx_word' id='word_1_80' title='bbox 1143 760 1281 803; x_wconf 85' lang='lat' dir='ltr'>captae</span> <span class='ocrx_word' id='word_1_81' title='bbox 1313 751 1420 789; x_wconf 89' lang='lat' dir='ltr'>urbis</span> <span class='ocrx_word' id='word_1_82' title='bbox 1452 758 1490 789; x_wconf 92' lang='lat' dir='ltr'>et</span> 
     </span>
     <span class='ocr_line' id='line_1_11' title="bbox 160 817 1490 873; baseline -0.008 -9"><span class='ocrx_word' id='word_1_83' title='bbox 160 825 366 865; x_wconf 84' lang='lat' dir='ltr'>Caudinae</span> <span class='ocrx_word' id='word_1_84' title='bbox 392 823 509 873; x_wconf 87' lang='lat' dir='ltr'>pacis,</span> <span class='ocrx_word' id='word_1_85' title='bbox 533 823 643 873; x_wconf 91' lang='lat' dir='ltr'>quod</span> <span class='ocrx_word' id='word_1_86' title='bbox 670 830 837 871; x_wconf 88' lang='lat' dir='ltr'>utroque</span> <span class='ocrx_word' id='word_1_87' title='bbox 867 834 974 859; x_wconf 90' lang='lat' dir='ltr'>anno</span> <span class='ocrx_word' id='word_1_88' title='bbox 1004 819 1181 858; x_wconf 90' lang='lat' dir='ltr'>eiusdem</span> <span class='ocrx_word' id='word_1_89' title='bbox 1209 817 1338 856; x_wconf 88' lang='lat' dir='ltr'>curiae</span> <span class='ocrx_word' id='word_1_90' title='bbox 1365 817 1490 855; x_wconf 87' lang='lat' dir='ltr'>fuerat</span> 
     </span>
     <span class='ocr_line' id='line_1_12' title="bbox 159 881 1548 941; baseline -0.004 -13"><span class='ocrx_word' id='word_1_91' title='bbox 159 889 407 941; x_wconf 89' lang='lat' dir='ltr'>principium.</span> <span class='ocrx_word' id='word_1_92' title='bbox 468 889 604 926; x_wconf 90' lang='lat' dir='ltr'>Macer</span> <span class='ocrx_word' id='word_1_93' title='bbox 637 886 812 925; x_wconf 90' lang='lat' dir='ltr'>Licinius</span> <span class='ocrx_word' id='word_1_94' title='bbox 847 885 959 925; x_wconf 89' lang='lat' dir='ltr'>tertia</span> <span class='ocrx_word' id='word_1_95' title='bbox 993 884 1110 924; x_wconf 87' lang='lat' dir='ltr'>etiam</span> <span class='ocrx_word' id='word_1_96' title='bbox 1146 884 1271 931; x_wconf 84' lang='lat' dir='ltr'>clade,</span> <span class='ocrx_word' id='word_1_97' title='bbox 1303 895 1404 932; x_wconf 90' lang='lat' dir='ltr'>quae</span> <span class='ocrx_word' id='word_1_98' title='bbox 1437 881 1488 919; x_wconf 88' lang='lat' dir='ltr'>ad</span> <span class='ocrx_word' id='word_1_99' title='bbox 1510 890 1548 922; x_wconf 92' lang='lat'>16</span> 
     </span>
     <span class='ocr_line' id='line_1_13' title="bbox 161 945 1488 1003; baseline -0.008 -9"><span class='ocrx_word' id='word_1_100' title='bbox 161 957 386 995; x_wconf 86' lang='lat' dir='ltr'>Cremeram</span> <span class='ocrx_word' id='word_1_101' title='bbox 418 960 580 1003; x_wconf 85' lang='lat' dir='ltr'>accepta</span> <span class='ocrx_word' id='word_1_102' title='bbox 617 959 686 999; x_wconf 90' lang='lat' dir='ltr'>est,</span> <span class='ocrx_word' id='word_1_103' title='bbox 721 950 1031 990; x_wconf 86' lang='lat' dir='ltr'>abominandam</span> <span class='ocrx_word' id='word_1_104' title='bbox 1071 963 1158 988; x_wconf 89' lang='lat' dir='ltr'>eam</span> <span class='ocrx_word' id='word_1_105' title='bbox 1198 947 1346 986; x_wconf 88' lang='lat' dir='ltr'>curiam</span> <span class='ocrx_word' id='word_1_106' title='bbox 1385 945 1488 984; x_wconf 86' lang='lat' dir='ltr'>facit.</span> 
     </span>
     <span class='ocr_line' id='line_1_14' title="bbox 161 1012 1569 1068; baseline -0.008 -9"><span class='ocrx_word' id='word_1_107' title='bbox 161 1020 328 1059; x_wconf 84' lang='lat' dir='ltr'>dictator</span> <span class='ocrx_word' id='word_1_108' title='bbox 358 1026 515 1068; x_wconf 90' lang='lat' dir='ltr'>postero</span> <span class='ocrx_word' id='word_1_109' title='bbox 550 1016 615 1056; x_wconf 90' lang='lat' dir='ltr'>die</span> <span class='ocrx_word' id='word_1_110' title='bbox 652 1015 836 1066; x_wconf 87' lang='lat' dir='ltr'>auspiciis</span> <span class='ocrx_word' id='word_1_111' title='bbox 871 1014 1043 1065; x_wconf 89' lang='lat' dir='ltr'>repetitis</span> <span class='ocrx_word' id='word_1_112' title='bbox 1079 1012 1237 1064; x_wconf 90' lang='lat' dir='ltr'>pertulit</span> <span class='ocrx_word' id='word_1_113' title='bbox 1271 1013 1423 1062; x_wconf 80' lang='lat' dir='ltr'>legem,-</span> <span class='ocrx_word' id='word_1_114' title='bbox 1452 1017 1490 1049; x_wconf 88' lang='lat' dir='ltr'>et</span> <span class='ocrx_word' id='word_1_115' title='bbox 1508 1022 1569 1064; x_wconf 85' lang='lat'>39</span> 
     </span>
     <span class='ocr_line' id='line_1_15' title="bbox 161 1075 1489 1135; baseline -0.008 -12"><span class='ocrx_word' id='word_1_116' title='bbox 161 1086 359 1135; x_wconf 88' lang='lat' dir='ltr'>profectus</span> <span class='ocrx_word' id='word_1_117' title='bbox 379 1096 470 1121; x_wconf 91' lang='lat' dir='ltr'>cum</span> <span class='ocrx_word' id='word_1_118' title='bbox 491 1081 712 1132; x_wconf 86' lang='lat' dir='ltr'>legionibus</span> <span class='ocrx_word' id='word_1_119' title='bbox 733 1082 784 1120; x_wconf 90' lang='lat' dir='ltr'>ad</span> <span class='ocrx_word' id='word_1_120' title='bbox 816 1088 1003 1119; x_wconf 90' lang='lat' dir='ltr'>terrorem</span> <span class='ocrx_word' id='word_1_121' title='bbox 1024 1077 1192 1118; x_wconf 88' lang='lat' dir='ltr'>traducti</span> <span class='ocrx_word' id='word_1_122' title='bbox 1213 1077 1350 1116; x_wconf 92' lang='lat' dir='ltr'>silvam</span> <span class='ocrx_word' id='word_1_123' title='bbox 1373 1075 1489 1116; x_wconf 86' lang='lat' dir='ltr'>Cimi—</span> 
     </span>
     <span class='ocr_line' id='line_1_16' title="bbox 161 1141 1491 1196; baseline -0.007 -8"><span class='ocrx_word' id='word_1_124' title='bbox 161 1150 267 1188; x_wconf 88' lang='lat' dir='ltr'>niam</span> <span class='ocrx_word' id='word_1_125' title='bbox 298 1148 489 1187; x_wconf 85' lang='lat' dir='ltr'>exercitus</span> <span class='ocrx_word' id='word_1_126' title='bbox 519 1160 643 1196; x_wconf 88' lang='lat' dir='ltr'>nuper</span> <span class='ocrx_word' id='word_1_127' title='bbox 674 1145 825 1196; x_wconf 89' lang='lat' dir='ltr'>scriptis</span> <span class='ocrx_word' id='word_1_128' title='bbox 854 1146 905 1184; x_wconf 89' lang='lat' dir='ltr'>ad</span> <span class='ocrx_word' id='word_1_129' title='bbox 937 1145 1157 1195; x_wconf 84' lang='lat' dir='ltr'>Longulam</span> <span class='ocrx_word' id='word_1_130' title='bbox 1185 1141 1363 1193; x_wconf 88' lang='lat' dir='ltr'>pervenit</span> <span class='ocrx_word' id='word_1_131' title='bbox 1383 1154 1491 1179; x_wconf 86' lang='lat' dir='ltr'>acce-</span> 
     </span>
     <span class='ocr_line' id='line_1_17' title="bbox 162 1207 1490 1266; baseline -0.008 -12"><span class='ocrx_word' id='word_1_132' title='bbox 162 1215 317 1266; x_wconf 88' lang='lat' dir='ltr'>ptisque</span> <span class='ocrx_word' id='word_1_133' title='bbox 338 1227 360 1252; x_wconf 84' lang='lat' dir='ltr'>a</span> <span class='ocrx_word' id='word_1_134' title='bbox 383 1212 534 1251; x_wconf 87' lang='lat' dir='ltr'>Marcio</span> <span class='ocrx_word' id='word_1_135' title='bbox 555 1213 718 1251; x_wconf 91' lang='lat' dir='ltr'>consule</span> <span class='ocrx_word' id='word_1_136' title='bbox 731 1210 927 1250; x_wconf 84' lang='lat' dir='ltr'>veteribus</span> <span class='ocrx_word' id='word_1_137' title='bbox 944 1209 1134 1248; x_wconf 85' lang='lat' dir='ltr'>militibus</span> <span class='ocrx_word' id='word_1_138' title='bbox 1150 1208 1190 1247; x_wconf 89' lang='lat' dir='ltr'>in</span> <span class='ocrx_word' id='word_1_139' title='bbox 1210 1207 1335 1247; x_wconf 88' lang='lat' dir='ltr'>aciem</span> <span class='ocrx_word' id='word_1_140' title='bbox 1357 1207 1490 1256; x_wconf 89' lang='lat' dir='ltr'>copias</span> 
     </span>
     <span class='ocr_line' id='line_1_18' title="bbox 161 1273 1526 1326; baseline -0.01 -5"><span class='ocrx_word' id='word_1_141' title='bbox 161 1281 306 1321; x_wconf 83' lang='lat' dir='ltr'>eduxit.</span> <span class='ocrx_word' id='word_1_142' title='bbox 377 1293 450 1319; x_wconf 88' lang='lat' dir='ltr'>nec</span> <span class='ocrx_word' id='word_1_143' title='bbox 488 1281 622 1318; x_wconf 89' lang='lat' dir='ltr'>hostes</span> <span class='ocrx_word' id='word_1_144' title='bbox 661 1279 877 1317; x_wconf 88' lang='lat' dir='ltr'>detractare</span> <span class='ocrx_word' id='word_1_145' title='bbox 917 1275 987 1314; x_wconf 87' lang='lat' dir='ltr'>visi</span> <span class='ocrx_word' id='word_1_146' title='bbox 1027 1288 1212 1326; x_wconf 88' lang='lat' dir='ltr'>pugnam.</span> <span class='ocrx_word' id='word_1_147' title='bbox 1281 1273 1526 1311; x_wconf 73' lang='lat' dir='ltr'>instructosz</span> 
     </span>
     <span class='ocr_line' id='line_1_19' title="bbox 162 1338 1493 1395; baseline -0.008 -10"><span class='ocrx_word' id='word_1_148' title='bbox 162 1347 308 1385; x_wconf 90' lang='lat' dir='ltr'>deinde</span> <span class='ocrx_word' id='word_1_149' title='bbox 327 1352 589 1395; x_wconf 87' lang='lat' dir='ltr'>armatosque,</span> <span class='ocrx_word' id='word_1_150' title='bbox 613 1357 703 1382; x_wconf 90' lang='lat' dir='ltr'>cum</span> <span class='ocrx_word' id='word_1_151' title='bbox 724 1343 774 1381; x_wconf 85' lang='lat' dir='ltr'>ab</span> <span class='ocrx_word' id='word_1_152' title='bbox 805 1341 952 1381; x_wconf 89' lang='lat' dir='ltr'>neutris</span> <span class='ocrx_word' id='word_1_153' title='bbox 976 1340 1170 1392; x_wconf 89' lang='lat' dir='ltr'>proelium</span> <span class='ocrx_word' id='word_1_154' title='bbox 1191 1338 1391 1389; x_wconf 89' lang='lat' dir='ltr'>inciperet,</span> <span class='ocrx_word' id='word_1_155' title='bbox 1415 1350 1493 1375; x_wconf 88' lang='lat' dir='ltr'>nox</span> 
     </span>
     <span class='ocr_line' id='line_1_20' title="bbox 162 1401 1529 1462; baseline -0.008 -12"><span class='ocrx_word' id='word_1_156' title='bbox 162 1410 366 1462; x_wconf 86' lang='lat' dir='ltr'>oppressit.</span> <span class='ocrx_word' id='word_1_157' title='bbox 426 1409 549 1460; x_wconf 90' lang='lat' dir='ltr'>quieti</span> <span class='ocrx_word' id='word_1_158' title='bbox 579 1406 834 1458; x_wconf 87' lang='lat' dir='ltr'>aliquamdiu,</span> <span class='ocrx_word' id='word_1_159' title='bbox 868 1419 942 1444; x_wconf 88' lang='lat' dir='ltr'>nec</span> <span class='ocrx_word' id='word_1_160' title='bbox 977 1405 1056 1444; x_wconf 91' lang='lat' dir='ltr'>suis</span> <span class='ocrx_word' id='word_1_161' title='bbox 1088 1405 1312 1443; x_wconf 87' lang='lat' dir='ltr'>diffidentes</span> <span class='ocrx_word' id='word_1_162' title='bbox 1346 1401 1491 1440; x_wconf 82' lang='lat' dir='ltr'>viribus</span> <span class='ocrx_word' id='word_1_163' title='bbox 1512 1418 1529 1448; x_wconf 81' lang='lat'>3</span> 
     </span>
     <span class='ocr_line' id='line_1_21' title="bbox 162 1468 1490 1524; baseline -0.008 -9"><span class='ocrx_word' id='word_1_164' title='bbox 162 1490 235 1515; x_wconf 87' lang='lat' dir='ltr'>nec</span> <span class='ocrx_word' id='word_1_165' title='bbox 265 1477 420 1514; x_wconf 90' lang='lat' dir='ltr'>hostem</span> <span class='ocrx_word' id='word_1_166' title='bbox 451 1480 692 1524; x_wconf 90' lang='lat' dir='ltr'>spernentes,</span> <span class='ocrx_word' id='word_1_167' title='bbox 725 1471 864 1510; x_wconf 84' lang='lat' dir='ltr'>stativa</span> <span class='ocrx_word' id='word_1_168' title='bbox 894 1470 934 1509; x_wconf 89' lang='lat' dir='ltr'>in</span> <span class='ocrx_word' id='word_1_169' title='bbox 965 1469 1189 1521; x_wconf 90' lang='lat' dir='ltr'>propinquo</span> <span class='ocrx_word' id='word_1_170' title='bbox 1220 1468 1407 1507; x_wconf 89' lang='lat' dir='ltr'>habuere.</span> <span class='ocrx_word' id='word_1_171' title='bbox 1430 1482 1448 1502; x_wconf 74' lang='lat'>*</span> <span class='ocrx_word' id='word_1_172' title='bbox 1473 1482 1490 1503; x_wconf 79' lang='lat'><strong>*</strong></span> 
     </span>
     <span class='ocr_line' id='line_1_22' title="bbox 163 1532 1531 1584; baseline -0.007 -6"><span class='ocrx_word' id='word_1_173' title='bbox 163 1554 255 1579; x_wconf 89' lang='lat' dir='ltr'>nam</span> <span class='ocrx_word' id='word_1_174' title='bbox 276 1547 313 1579; x_wconf 89' lang='lat' dir='ltr'>et</span> <span class='ocrx_word' id='word_1_175' title='bbox 334 1553 424 1578; x_wconf 90' lang='lat' dir='ltr'>cum</span> <span class='ocrx_word' id='word_1_176' title='bbox 446 1538 691 1579; x_wconf 91' lang='lat' dir='ltr'>Umbrorum</span> <span class='ocrx_word' id='word_1_177' title='bbox 713 1535 884 1575; x_wconf 83' lang='lat' dir='ltr'>exercitu</span> <span class='ocrx_word' id='word_1_178' title='bbox 905 1534 988 1574; x_wconf 89' lang='lat' dir='ltr'>acie</span> <span class='ocrx_word' id='word_1_179' title='bbox 1010 1535 1281 1584; x_wconf 87' lang='lat' dir='ltr'>depugnatum</span> <span class='ocrx_word' id='word_1_180' title='bbox 1303 1540 1361 1571; x_wconf 89' lang='lat' dir='ltr'>est</span> <span class='ocrx_word' id='word_1_181' title='bbox 1379 1547 1388 1580; x_wconf 78' lang='lat'><em>3</em></span> <span class='ocrx_word' id='word_1_182' title='bbox 1417 1532 1492 1570; x_wconf 86' lang='lat' dir='ltr'>fusi</span> <span class='ocrx_word' id='word_1_183' title='bbox 1512 1548 1531 1579; x_wconf 87' lang='lat'><strong>4</strong></span> 
     </span>
     <span class='ocr_line' id='line_1_23' title="bbox 163 1597 1491 1654; baseline -0.008 -10"><span class='ocrx_word' id='word_1_184' title='bbox 163 1613 296 1644; x_wconf 89' lang='lat' dir='ltr'>tamen</span> <span class='ocrx_word' id='word_1_185' title='bbox 325 1603 447 1654; x_wconf 87' lang='lat' dir='ltr'>magis</span> <span class='ocrx_word' id='word_1_186' title='bbox 478 1616 596 1653; x_wconf 90' lang='lat' dir='ltr'>quam</span> <span class='ocrx_word' id='word_1_187' title='bbox 624 1601 728 1641; x_wconf 88' lang='lat' dir='ltr'>caesi</span> <span class='ocrx_word' id='word_1_188' title='bbox 758 1602 905 1648; x_wconf 91' lang='lat' dir='ltr'>hostes,</span> <span class='ocrx_word' id='word_1_189' title='bbox 928 1599 1020 1650; x_wconf 90' lang='lat' dir='ltr'>quia</span> <span class='ocrx_word' id='word_1_190' title='bbox 1050 1606 1233 1649; x_wconf 87' lang='lat' dir='ltr'>coeptam</span> <span class='ocrx_word' id='word_1_191' title='bbox 1253 1597 1391 1636; x_wconf 87' lang='lat' dir='ltr'>acriter</span> <span class='ocrx_word' id='word_1_192' title='bbox 1411 1611 1491 1635; x_wconf 91' lang='lat' dir='ltr'>non</span> 
     </span>
     <span class='ocr_line' id='line_1_24' title="bbox 163 1662 1530 1719; baseline -0.007 -10"><span class='ocrx_word' id='word_1_193' title='bbox 163 1672 377 1709; x_wconf 90' lang='lat' dir='ltr'>tolerarunt</span> <span class='ocrx_word' id='word_1_194' title='bbox 406 1682 606 1719; x_wconf 79' lang='lat' dir='ltr'>pugnam3</span> <span class='ocrx_word' id='word_1_195' title='bbox 637 1675 674 1706; x_wconf 90' lang='lat' dir='ltr'>et</span> <span class='ocrx_word' id='word_1_196' title='bbox 704 1668 755 1706; x_wconf 87' lang='lat' dir='ltr'>ad</span> <span class='ocrx_word' id='word_1_197' title='bbox 784 1664 1021 1704; x_wconf 82' lang='lat' dir='ltr'>Vadimonis</span> <span class='ocrx_word' id='word_1_198' title='bbox 1055 1666 1185 1702; x_wconf 89' lang='lat' dir='ltr'>lacum</span> <span class='ocrx_word' id='word_1_199' title='bbox 1218 1662 1374 1701; x_wconf 88' lang='lat' dir='ltr'>Etrusci</span> <span class='ocrx_word' id='word_1_200' title='bbox 1407 1664 1493 1712; x_wconf 91' lang='lat' dir='ltr'>lege</span> <span class='ocrx_word' id='word_1_201' title='bbox 1513 1680 1530 1711; x_wconf 81' lang='lat'>5</span> 
     </span>
     <span class='ocr_line' id='line_1_25' title="bbox 162 1729 1493 1780; baseline -0.007 -5"><span class='ocrx_word' id='word_1_202' title='bbox 162 1743 312 1775; x_wconf 88' lang='lat' dir='ltr'>sacrata</span> <span class='ocrx_word' id='word_1_203' title='bbox 342 1742 481 1773; x_wconf 87' lang='lat' dir='ltr'>coacto</span> <span class='ocrx_word' id='word_1_204' title='bbox 525 1733 708 1780; x_wconf 87' lang='lat' dir='ltr'>exercitu,</span> <span class='ocrx_word' id='word_1_205' title='bbox 742 1745 833 1770; x_wconf 87' lang='lat' dir='ltr'>cum</span> <span class='ocrx_word' id='word_1_206' title='bbox 868 1731 924 1770; x_wconf 91' lang='lat' dir='ltr'>vir</span> <span class='ocrx_word' id='word_1_207' title='bbox 955 1730 1079 1769; x_wconf 89' lang='lat' dir='ltr'>virum</span> <span class='ocrx_word' id='word_1_208' title='bbox 1122 1729 1290 1780; x_wconf 88' lang='lat' dir='ltr'>legisset,</span> <span class='ocrx_word' id='word_1_209' title='bbox 1337 1729 1493 1778; x_wconf 87' lang='lat' dir='ltr'>quantis</span> 
     </span>
     <span class='ocr_line' id='line_1_26' title="bbox 163 1793 1495 1851; baseline -0.008 -11"><span class='ocrx_word' id='word_1_210' title='bbox 163 1814 381 1851; x_wconf 89' lang='lat' dir='ltr'>numquam</span> <span class='ocrx_word' id='word_1_211' title='bbox 401 1800 496 1838; x_wconf 90' lang='lat' dir='ltr'>alias</span> <span class='ocrx_word' id='word_1_212' title='bbox 525 1806 616 1837; x_wconf 90' lang='lat' dir='ltr'>ante</span> <span class='ocrx_word' id='word_1_213' title='bbox 637 1798 753 1836; x_wconf 88' lang='lat' dir='ltr'>simul</span> <span class='ocrx_word' id='word_1_214' title='bbox 775 1796 898 1847; x_wconf 83' lang='lat' dir='ltr'>copiis</span> <span class='ocrx_word' id='word_1_215' title='bbox 926 1795 1042 1834; x_wconf 90' lang='lat' dir='ltr'>simul</span> <span class='ocrx_word' id='word_1_216' title='bbox 1065 1794 1206 1833; x_wconf 87' lang='lat' dir='ltr'>animis</span> <span class='ocrx_word' id='word_1_217' title='bbox 1234 1793 1495 1840; x_wconf 78' lang='lat' dir='ltr'>dimicarunt3</span> 
     </span>
     <span class='ocr_line' id='line_1_27' title="bbox 163 1859 1533 1916; baseline -0.007 -12"><span class='ocrx_word' id='word_1_218' title='bbox 163 1873 353 1916; x_wconf 90' lang='lat' dir='ltr'>tantoque</span> <span class='ocrx_word' id='word_1_219' title='bbox 374 1865 517 1903; x_wconf 89' lang='lat' dir='ltr'>irarum</span> <span class='ocrx_word' id='word_1_220' title='bbox 538 1863 753 1902; x_wconf 87' lang='lat' dir='ltr'>certamine</span> <span class='ocrx_word' id='word_1_221' title='bbox 773 1869 882 1912; x_wconf 87' lang='lat' dir='ltr'>gesta</span> <span class='ocrx_word' id='word_1_222' title='bbox 906 1874 965 1899; x_wconf 90' lang='lat' dir='ltr'>res</span> <span class='ocrx_word' id='word_1_223' title='bbox 992 1867 1061 1906; x_wconf 84' lang='lat' dir='ltr'>est,</span> <span class='ocrx_word' id='word_1_224' title='bbox 1084 1867 1127 1898; x_wconf 92' lang='lat' dir='ltr'>ut</span> <span class='ocrx_word' id='word_1_225' title='bbox 1156 1859 1206 1897; x_wconf 90' lang='lat' dir='ltr'>ab</span> <span class='ocrx_word' id='word_1_226' title='bbox 1228 1865 1366 1897; x_wconf 90' lang='lat' dir='ltr'>neutra</span> <span class='ocrx_word' id='word_1_227' title='bbox 1386 1864 1494 1908; x_wconf 87' lang='lat' dir='ltr'>parte</span> <span class='ocrx_word' id='word_1_228' title='bbox 1513 1869 1533 1901; x_wconf 80' lang='lat'><strong>5</strong></span> 
     </span>
     <span class='ocr_line' id='line_1_28' title="bbox 163 1922 1496 1978; baseline -0.007 -9"><span class='ocrx_word' id='word_1_229' title='bbox 163 1930 307 1970; x_wconf 90' lang='lat' dir='ltr'>emissa</span> <span class='ocrx_word' id='word_1_230' title='bbox 339 1929 416 1968; x_wconf 91' lang='lat' dir='ltr'>sint</span> <span class='ocrx_word' id='word_1_231' title='bbox 454 1930 542 1968; x_wconf 90' lang='lat' dir='ltr'>tela.</span> <span class='ocrx_word' id='word_1_232' title='bbox 600 1927 738 1978; x_wconf 88' lang='lat' dir='ltr'>gladiis</span> <span class='ocrx_word' id='word_1_233' title='bbox 771 1939 903 1977; x_wconf 88' lang='lat' dir='ltr'>pugna</span> <span class='ocrx_word' id='word_1_234' title='bbox 934 1924 1073 1975; x_wconf 86' lang='lat' dir='ltr'>coepit.</span> <span class='ocrx_word' id='word_1_235' title='bbox 1100 1931 1137 1962; x_wconf 90' lang='lat' dir='ltr'>et</span> <span class='ocrx_word' id='word_1_236' title='bbox 1169 1922 1356 1962; x_wconf 85' lang='lat' dir='ltr'>acerrime</span> <span class='ocrx_word' id='word_1_237' title='bbox 1391 1935 1496 1961; x_wconf 85' lang='lat' dir='ltr'>com·</span> 
     </span>
     <span class='ocr_line' id='line_1_29' title="bbox 165 1988 1495 2045; baseline -0.007 -11"><span class='ocrx_word' id='word_1_238' title='bbox 165 1995 283 2033; x_wconf 88' lang='lat' dir='ltr'>missa</span> <span class='ocrx_word' id='word_1_239' title='bbox 303 1995 389 2045; x_wconf 89' lang='lat' dir='ltr'>ipso</span> <span class='ocrx_word' id='word_1_240' title='bbox 409 1993 634 2039; x_wconf 88' lang='lat' dir='ltr'>certamine,</span> <span class='ocrx_word' id='word_1_241' title='bbox 657 1993 766 2042; x_wconf 89' lang='lat' dir='ltr'>quod</span> <span class='ocrx_word' id='word_1_242' title='bbox 792 1989 1036 2040; x_wconf 89' lang='lat' dir='ltr'>aliquamdiu</span> <span class='ocrx_word' id='word_1_243' title='bbox 1056 2001 1203 2039; x_wconf 89' lang='lat' dir='ltr'>anceps</span> <span class='ocrx_word' id='word_1_244' title='bbox 1224 1988 1306 2035; x_wconf 88' lang='lat' dir='ltr'>fuit,</span> <span class='ocrx_word' id='word_1_245' title='bbox 1329 2000 1495 2026; x_wconf 89' lang='lat' dir='ltr'>accensa</span> 
     </span>
     <span class='ocr_line' id='line_1_30' title="bbox 165 2052 1495 2107; baseline -0.007 -8"><span class='ocrx_word' id='word_1_246' title='bbox 165 2067 234 2107; x_wconf 90' lang='lat' dir='ltr'>est,</span> <span class='ocrx_word' id='word_1_247' title='bbox 257 2067 299 2098; x_wconf 93' lang='lat' dir='ltr'>ut</span> <span class='ocrx_word' id='word_1_248' title='bbox 320 2072 400 2097; x_wconf 90' lang='lat' dir='ltr'>non</span> <span class='ocrx_word' id='word_1_249' title='bbox 421 2072 512 2097; x_wconf 91' lang='lat' dir='ltr'>cum</span> <span class='ocrx_word' id='word_1_250' title='bbox 535 2056 710 2096; x_wconf 87' lang='lat' dir='ltr'>Etruscis</span> <span class='ocrx_word' id='word_1_251' title='bbox 731 2055 875 2094; x_wconf 90' lang='lat' dir='ltr'>totiens</span> <span class='ocrx_word' id='word_1_252' title='bbox 896 2054 1019 2101; x_wconf 87' lang='lat' dir='ltr'>victis,</span> <span class='ocrx_word' id='word_1_253' title='bbox 1038 2055 1109 2092; x_wconf 89' lang='lat' dir='ltr'>sed</span> <span class='ocrx_word' id='word_1_254' title='bbox 1130 2067 1221 2092; x_wconf 90' lang='lat' dir='ltr'>cum</span> <span class='ocrx_word' id='word_1_255' title='bbox 1241 2052 1373 2103; x_wconf 90' lang='lat' dir='ltr'>aliqua</span> <span class='ocrx_word' id='word_1_256' title='bbox 1393 2065 1495 2091; x_wconf 90' lang='lat' dir='ltr'>nova</span> 
     </span>
     <span class='ocr_line' id='line_1_31' title="bbox 165 2119 1532 2176; baseline -0.007 -12"><span class='ocrx_word' id='word_1_257' title='bbox 165 2132 281 2176; x_wconf 88' lang='lat' dir='ltr'>gente</span> <span class='ocrx_word' id='word_1_258' title='bbox 302 2124 497 2163; x_wconf 88' lang='lat' dir='ltr'>videretur</span> <span class='ocrx_word' id='word_1_259' title='bbox 518 2121 720 2161; x_wconf 89' lang='lat' dir='ltr'>dimicatio</span> <span class='ocrx_word' id='word_1_260' title='bbox 741 2134 836 2160; x_wconf 91' lang='lat' dir='ltr'>esse.</span> <span class='ocrx_word' id='word_1_261' title='bbox 896 2119 992 2157; x_wconf 92' lang='lat' dir='ltr'>nihil</span> <span class='ocrx_word' id='word_1_262' title='bbox 1013 2119 1062 2157; x_wconf 90' lang='lat' dir='ltr'>ab</span> <span class='ocrx_word' id='word_1_263' title='bbox 1084 2120 1163 2157; x_wconf 91' lang='lat' dir='ltr'>ulla</span> <span class='ocrx_word' id='word_1_264' title='bbox 1182 2125 1291 2169; x_wconf 89' lang='lat' dir='ltr'>parte</span> <span class='ocrx_word' id='word_1_265' title='bbox 1316 2125 1495 2156; x_wconf 91' lang='lat' dir='ltr'>movetur</span> <span class='ocrx_word' id='word_1_266' title='bbox 1515 2132 1532 2167; x_wconf 85' lang='lat'><strong>7</strong></span> 
     </span>
     <span class='ocr_line' id='line_1_32' title="bbox 165 2182 1494 2240; baseline -0.007 -11"><span class='ocrx_word' id='word_1_267' title='bbox 165 2191 279 2240; x_wconf 87' lang='lat' dir='ltr'>fugae</span> <span class='ocrx_word' id='word_1_268' title='bbox 295 2205 305 2238; x_wconf 79' lang='lat'>,-</span> <span class='ocrx_word' id='word_1_269' title='bbox 334 2190 480 2228; x_wconf 89' lang='lat' dir='ltr'>cadunt</span> <span class='ocrx_word' id='word_1_270' title='bbox 500 2186 757 2237; x_wconf 87' lang='lat' dir='ltr'>antesignani,</span> <span class='ocrx_word' id='word_1_271' title='bbox 781 2192 829 2233; x_wconf 89' lang='lat' dir='ltr'>et,</span> <span class='ocrx_word' id='word_1_272' title='bbox 853 2198 903 2224; x_wconf 90' lang='lat' dir='ltr'>ne</span> <span class='ocrx_word' id='word_1_273' title='bbox 924 2185 1122 2223; x_wconf 89' lang='lat' dir='ltr'>nudentur</span> <span class='ocrx_word' id='word_1_274' title='bbox 1138 2182 1494 2233; x_wconf 88' lang='lat' dir='ltr'>propugnatoribus</span> 
     </span>
     <span class='ocr_line' id='line_1_33' title="bbox 167 2247 1532 2306; baseline -0.006 -13"><span class='ocrx_word' id='word_1_275' title='bbox 167 2255 286 2306; x_wconf 87' lang='lat' dir='ltr'>signa,</span> <span class='ocrx_word' id='word_1_276' title='bbox 313 2255 356 2292; x_wconf 91' lang='lat' dir='ltr'>fit</span> <span class='ocrx_word' id='word_1_277' title='bbox 380 2267 426 2292; x_wconf 85' lang='lat' dir='ltr'>ex</span> <span class='ocrx_word' id='word_1_278' title='bbox 450 2247 625 2292; x_wconf 88' lang='lat' dir='ltr'>secunda</span> <span class='ocrx_word' id='word_1_279' title='bbox 653 2250 778 2302; x_wconf 90' lang='lat' dir='ltr'>prima</span> <span class='ocrx_word' id='word_1_280' title='bbox 801 2250 914 2289; x_wconf 90' lang='lat' dir='ltr'>acies.</span> <span class='ocrx_word' id='word_1_281' title='bbox 973 2250 1024 2288; x_wconf 90' lang='lat' dir='ltr'>ab</span> <span class='ocrx_word' id='word_1_282' title='bbox 1054 2247 1201 2287; x_wconf 88' lang='lat' dir='ltr'>ultimis</span> <span class='ocrx_word' id='word_1_283' title='bbox 1231 2247 1377 2287; x_wconf 89' lang='lat' dir='ltr'>deinde</span> <span class='ocrx_word' id='word_1_284' title='bbox 1406 2247 1495 2286; x_wconf 89' lang='lat' dir='ltr'>sub·</span> <span class='ocrx_word' id='word_1_285' title='bbox 1513 2259 1532 2289; x_wconf 85' lang='lat'>8</span> 
     </span>
     <span class='ocr_line' id='line_1_34' title="bbox 167 2312 1494 2366; baseline -0.007 -8"><span class='ocrx_word' id='word_1_286' title='bbox 167 2319 275 2359; x_wconf 91' lang='lat' dir='ltr'>sidiis</span> <span class='ocrx_word' id='word_1_287' title='bbox 296 2319 419 2357; x_wconf 90' lang='lat' dir='ltr'>cietur</span> <span class='ocrx_word' id='word_1_288' title='bbox 439 2317 550 2357; x_wconf 87' lang='lat' dir='ltr'>miles</span> <span class='ocrx_word' id='word_1_289' title='bbox 570 2332 579 2365; x_wconf 80' lang='lat'><em>3</em></span> <span class='ocrx_word' id='word_1_290' title='bbox 607 2317 788 2366; x_wconf 88' lang='lat' dir='ltr'>adeoque</span> <span class='ocrx_word' id='word_1_291' title='bbox 808 2316 859 2354; x_wconf 90' lang='lat' dir='ltr'>ad</span> <span class='ocrx_word' id='word_1_292' title='bbox 880 2314 1062 2354; x_wconf 89' lang='lat' dir='ltr'>ultimum</span> <span class='ocrx_word' id='word_1_293' title='bbox 1093 2313 1239 2352; x_wconf 89' lang='lat' dir='ltr'>laboris</span> <span class='ocrx_word' id='word_1_294' title='bbox 1266 2326 1312 2351; x_wconf 86' lang='lat' dir='ltr'>ac</span> <span class='ocrx_word' id='word_1_295' title='bbox 1333 2312 1494 2363; x_wconf 88' lang='lat' dir='ltr'>periculi</span> 
     </span>
    </p>
   </div>
   <div class='ocr_carea' id='block_1_3' title="bbox 168 2377 1494 2473">
    <p class='ocr_par' dir='ltr' id='par_1_3' title="bbox 168 2377 1494 2473">
     <span class='ocr_line' id='line_1_35' title="bbox 168 2377 1494 2433; baseline -0.007 -9"><span class='ocrx_word' id='word_1_296' title='bbox 168 2392 329 2424; x_wconf 85' lang='lat' dir='ltr'>ventum</span> <span class='ocrx_word' id='word_1_297' title='bbox 364 2391 432 2431; x_wconf 91' lang='lat' dir='ltr'>est,</span> <span class='ocrx_word' id='word_1_298' title='bbox 468 2391 509 2422; x_wconf 90' lang='lat' dir='ltr'>ut</span> <span class='ocrx_word' id='word_1_299' title='bbox 541 2383 692 2433; x_wconf 92' lang='lat' dir='ltr'>equites</span> <span class='ocrx_word' id='word_1_300' title='bbox 726 2381 898 2420; x_wconf 89' lang='lat' dir='ltr'>Romani</span> <span class='ocrx_word' id='word_1_301' title='bbox 930 2379 1084 2419; x_wconf 88' lang='lat' dir='ltr'>omissis</span> <span class='ocrx_word' id='word_1_302' title='bbox 1117 2378 1229 2428; x_wconf 89' lang='lat' dir='ltr'>equis</span> <span class='ocrx_word' id='word_1_303' title='bbox 1263 2379 1313 2417; x_wconf 92' lang='lat' dir='ltr'>ad</span> <span class='ocrx_word' id='word_1_304' title='bbox 1348 2377 1494 2428; x_wconf 87' lang='lat' dir='ltr'>primos</span> 
     </span>
     <span class='ocr_line' id='line_1_36' title="bbox 1344 2449 1407 2473; baseline 0.016 -1"><span class='ocrx_word' id='word_1_305' title='bbox 1344 2449 1364 2472; x_wconf 86' lang='lat' dir='ltr'><strong>E</strong></span> <span class='ocrx_word' id='word_1_306' title='bbox 1393 2451 1407 2473; x_wconf 90' lang='lat'><strong>2</strong></span> 
     </span>
    </p>
   </div>
  </div>
 </body>
</html>
