1747 2620
387 144 455 179 AB
487 142 636 178 VRBE
668 140 922 178 CONDITA
957 142 1056 178 LIB.
1094 141 1162 177 IX.
1198 142 1325 177 26—28

197 251 388 295 cohortes,
416 262 517 298 quae
544 248 715 298 integrae
743 249 793 286 ad
821 248 1005 298 longioris
1031 262 1184 299 pugnae
1215 261 1328 287 casus
1358 261 1523 286 reserva-

197 315 346 361 bantur,
390 314 427 351 in
467 313 631 363 primam
677 312 802 352 aciem
845 315 1043 363 extemplo
1088 313 1216 352 emisit
1255 312 1523 362 universisque

197 380 349 417 hostem
380 378 507 428 primo
542 378 692 428 impetu
720 378 864 416 viribus
897 377 1063 428 impulit.
1123 385 1323 416 commota
1353 376 1524 428 pedestri
1545 387 1582 408 10

195 443 279 482 acie
300 443 535 482 Samnitium
556 456 676 493 eques
698 442 736 480 in
765 456 937 493 pugnarn
966 442 1153 481 succedit.
1212 442 1253 480 in
1279 444 1385 480 hunc
1406 450 1526 480 trans-

196 522 307 547 verso
345 508 500 558 agmine
540 510 639 547 inter
677 509 774 546 duas
813 508 916 546 acies
956 521 996 546 se
1039 507 1271 547 inferentem
1318 509 1524 546 Romanus

196 574 392 624 equitatus
413 574 584 613 concitat
605 587 728 624 equos
750 573 939 624 signaque
960 581 998 612 et
1022 574 1180 612 ordines
1201 572 1379 624 peditum
1407 580 1525 622 atque

196 639 373 688 equiturn
406 639 622 686 confundit,
657 640 785 677 donec
820 639 1041 677 universam
1076 639 1126 677 ab
1162 652 1207 677 ea
1245 644 1354 688 parte
1388 637 1525 675 avertit

195 704 333 743 aciem.
384 704 423 741 in
445 718 492 742 eo
509 717 629 742 cornu
652 718 732 742 non
756 704 952 742 Poetelius
974 706 1078 742 solus
1100 705 1170 742 sed
1192 702 1386 753 Sulpicius
1407 701 1524 740 etiam
1548 713 1582 734 11

196 771 371 808 hortator
400 771 587 817 adfuerat,
620 777 779 808 avectus
813 770 863 808 ab
898 769 976 808 suis
1012 771 1191 808 nondum
1226 767 1525 807 conserentibus

197 848 336 873 manus
365 836 417 874 ad
441 836 652 873 clamorem
674 848 697 872 a
724 834 878 872 sinistra
904 842 1013 885 parte
1039 834 1144 885 prius
1169 842 1359 873 exortum.
1419 834 1526 871 unde
1547 848 1583 870 12

197 902 303 940 haud
334 900 496 940 dubiam
526 900 728 939 victoriam
760 913 924 938 cernens
955 913 1045 938 curn
1075 901 1126 939 ad
1151 913 1266 938 suurn
1293 912 1417 937 cornu
1447 905 1527 937 ten-

196 967 306 1005 deret
341 979 431 1005 cum
466 967 571 1004 mille
610 965 791 1004 ducentis
826 965 926 1013 viris,
967 965 1197 1004 dissimilem
1237 964 1290 1003 ibi
1330 965 1525 1003 fortunam

197 1031 357 1079 invenit,
390 1033 594 1070 Romanos
625 1032 714 1069 loco
748 1032 897 1080 pulsos,
930 1030 1117 1069 victorem
1152 1031 1307 1069 hostem
1342 1028 1451 1079 signa
1487 1028 1526 1065 in

198 1098 398 1148 perculsos
419 1097 661 1135 inferentem.
721 1103 895 1134 ceterum
917 1096 1050 1134 omnia
1071 1095 1235 1134 mutavit
1256 1101 1417 1144 repente
1437 1106 1528 1131 con·
1549 1103 1586 1133 13

198 1162 291 1202 sulis
320 1163 541 1209 adventus3
579 1175 669 1199 narn
701 1168 739 1199 et
769 1168 984 1211 conspectu
1019 1160 1130 1200 ducis
1160 1161 1328 1199 refectus
1358 1158 1527 1197 militum

198 1236 255 1267 est
276 1228 442 1275 animm,
464 1235 501 1266 et
523 1226 647 1265 maius
664 1240 782 1276 quam
803 1239 873 1276 pro
894 1239 1060 1264 numero
1080 1224 1267 1264 auxilium
1288 1225 1528 1263 advenerant

198 1295 315 1332 fortes
336 1293 416 1340 viri,
440 1300 477 1331 et
498 1291 616 1342 partis
640 1293 797 1330 alterius
825 1291 986 1330 victoria
1010 1290 1155 1337 audita,
1179 1303 1271 1328 mox
1295 1289 1376 1327 visa
1396 1288 1526 1336 etiam,

198 1359 390 1410 proelium
418 1358 595 1397 restituit.
655 1365 737 1396 tota
757 1357 903 1396 deinde
933 1356 1010 1394 iarn
1031 1355 1187 1395 vincere
1210 1356 1294 1393 acie
1320 1356 1527 1393 Romanus
1549 1364 1587 1395 14

197 1433 236 1463 et
256 1423 403 1463 omisso
424 1422 637 1462 certamine
660 1422 772 1461 caedi
793 1421 960 1473 capique
985 1421 1192 1468 Samnites,
1216 1419 1290 1458 nisi
1311 1419 1377 1469 qui
1407 1420 1530 1457 Male-

197 1497 369 1536 ventum,
393 1488 455 1527 cui
478 1501 583 1527 nunc
600 1487 685 1527 urbi
707 1490 980 1527 Beneventum
1003 1501 1149 1526 nomen
1171 1493 1242 1534 est,
1263 1487 1525 1536 perfugerunt.

197 1557 248 1594 ad
287 1554 442 1605 triginta
481 1554 587 1592 milia
628 1567 742 1592 caesa
780 1561 846 1592 aut
892 1560 1006 1604 capta
1053 1551 1288 1591 Samnitium
1327 1550 1527 1601 proditum

199 1620 412 1660 memoriae
432 1626 499 1658 est.

255 1686 448 1725 Consules
476 1684 629 1734 egregia
655 1683 816 1722 victoria
845 1690 954 1734 parta
982 1683 1159 1734 protinus
1189 1681 1283 1721 inde
1311 1681 1362 1720 ad
1394 1680 1530 1719 Bovia-
1548 1678 1600 1715 28

199 1764 294 1789 num
310 1751 622 1800 oppugnandum
639 1749 812 1799 legiones
829 1750 980 1787 ducunt
995 1763 1005 1797 3
1026 1748 1161 1798 ibique
1176 1747 1341 1786 hiberna
1354 1754 1526 1796 egerunt,
1551 1763 1565 1783 2

199 1817 328 1855 donec
356 1816 407 1854 ab
442 1814 552 1854 novis
583 1814 827 1862 consulibus,
857 1815 899 1852 L.
938 1813 1094 1864 Papirio
1129 1813 1299 1852 Cursore
1333 1811 1528 1862 quintum,

200 1883 244 1922 C.
273 1881 390 1920 Iunio
415 1881 597 1920 Bubulco
624 1880 775 1928 iterum,
805 1879 1031 1918 nominatus
1062 1878 1230 1918 dictator
1257 1878 1303 1917 C.
1332 1876 1529 1915 Poetelius

199 1961 290 1986 cum
312 1949 369 1985 M.
391 1946 503 1985 Folio
524 1945 708 1996 magistro
729 1944 907 1995 equiturn
929 1943 1142 1984 exercitum
1163 1942 1326 1992 accepit.
1386 1941 1417 1980 is
1438 1955 1529 1980 cum
1550 1957 1567 1987 3

199 2011 373 2051 audisset
393 2024 523 2050 arcem
551 2011 821 2060 Fregellanam
845 2010 896 2048 ab
923 2008 1164 2048 Samnitibus
1191 2015 1358 2058 captam,
1383 2005 1530 2045 omisso

200 2076 378 2116 Boviano
412 2077 463 2114 ad
496 2076 690 2125 Fregellas
728 2074 863 2124 pergit.
922 2075 1028 2113 unde
1062 2081 1256 2112 nocturna
1294 2071 1528 2111 Samnitium

200 2144 291 2193 fuga
320 2141 404 2180 sine
433 2140 647 2180 certamine
678 2139 844 2190 receptis
875 2139 1060 2190 Fregellis
1094 2138 1370 2189 praesidioque
1400 2137 1530 2176 valido

200 2206 388 2257 imposito
408 2197 731 2256 in'Campaniarn
762 2205 931 2244 reditum
962 2203 1132 2243 maxime
1161 2205 1212 2242 ad
1242 2204 1388 2242 Nolam
1412 2203 1529 2241 armis

201 2272 469 2323 repetendam.
526 2284 574 2309 eo
602 2284 643 2310 se
670 2270 771 2309 intra
798 2270 955 2309 moenia
980 2270 1054 2309 sub
1082 2270 1296 2308 adventurn
1328 2267 1529 2307 dictatoris
1548 2280 1568 2310 4

202 2345 240 2376 et
261 2335 497 2376 Samnitium
525 2335 654 2375 omnis
685 2336 896 2374 multitudo
923 2342 961 2374 et
990 2334 1136 2374 Nolani
1165 2340 1335 2384 agrestes
1356 2333 1530 2372 contule-

202 2410 298 2442 rant.
358 2401 526 2441 dictator
545 2401 651 2441 urbis
677 2401 752 2440 situ
779 2401 1079 2452 circumspecto,
1100 2413 1179 2451 quo
1206 2398 1376 2450 apertior
1401 2398 1530 2438 aditus
1551 2416 1567 2447 5
