1747 2620
799 100 844 137 T.
878 100 994 138 LIVI

233 222 313 247 non
334 208 562 247 difficillima
583 216 685 247 esset
714 208 819 259 apud
848 210 954 247 haud
982 207 1136 259 ignaros
1162 210 1403 248 fortunarum
1426 209 1562 247 huma-

232 287 370 312 narum
401 273 783 324 necessitatiumque,
816 274 1052 313 sententiam
1079 275 1130 313 de
1154 288 1213 322 e0,
1237 275 1287 313 de
1316 287 1396 324 quo
1417 274 1562 312 rettuli-

232 339 311 386 stis,
335 338 469 389 paucis
490 353 673 390 peragam
688 354 698 387 3
728 353 829 390 quae
859 341 1053 378 sententia
1083 341 1191 378 testis
1220 339 1302 387 erit,
1332 338 1481 377 mihine
1509 352 1560 376 an

233 403 454 454 legionibus
474 404 610 443 vestris
639 405 892 455 pepercerim,
916 419 1007 443 cum
1038 418 1101 442 me
1128 417 1196 442 seu
1217 404 1321 454 turpi
1340 417 1409 442 seu
1431 417 1561 443 neces-

196 481 213 512 5
233 468 331 507 saria
351 468 565 519 sponsione
585 469 785 516 obstrinxi,
809 483 887 519 qua
907 477 1051 515 tamen,
1074 469 1235 518 quando
1256 467 1405 507 iniussu
1426 467 1563 519 populi

233 534 336 573 facta
356 542 424 580 est,
447 547 528 572 non
559 542 713 572 tenetur
740 535 909 584 populus
941 535 1159 581 Romanus,
1181 546 1255 572 nec
1282 533 1495 583 quicquam
1516 545 1563 571 ex

197 611 216 643 6
234 613 281 638 ea
300 607 572 650 praeterquam
594 612 758 649 corpora
779 607 911 637 nostra
931 598 1126 637 debentur
1147 598 1399 637 Samnitibus,
1446 598 1563 636 deda-

234 677 322 703 mur
358 677 426 714 per
473 664 623 703 fetiales
671 664 768 702 nudi
807 663 1035 714 vinctique3
1083 665 1328 703 exsolvamus
1377 663 1563 713 religione

232 731 436 781 populum,
473 729 504 768 si
536 743 614 779 qua
652 729 924 779 obligavimus,
965 743 1015 768 ne
1055 729 1150 779 quid
1190 728 1313 768 divini
1351 728 1563 767 humanive

234 796 375 842 obstet,
417 808 498 846 quo
539 794 667 833 minus
717 794 862 833 iustum
903 794 1093 845 piumque
1132 795 1184 834 de
1221 795 1372 845 integro
1412 794 1563 832 ineatur

198 862 395 913 7bellum.
480 861 627 899 interea
674 862 856 899 consules
906 860 1118 899 exercitum
1168 860 1347 907 scribere,
1399 873 1561 906 armare,

233 927 401 964 educere
423 927 549 975 placet
571 938 644 964 nec
665 924 769 975 prius
792 924 941 975 ingredi
958 925 1131 964 hostium
1154 926 1262 973 fines,
1286 938 1405 975 quam
1430 925 1564 963 omnia

196 1000 215 1031 8
235 991 335 1029 iusta
356 990 395 1028 in
413 990 616 1029 deditione
630 998 762 1029 nostra
783 991 953 1040 perfecta
972 999 1095 1029 erunt.
1154 1004 1235 1038 vos,
1253 989 1295 1028 di
1311 990 1563 1038 immortales,

234 1069 371 1106 precor
401 1069 640 1105 quaesoque,
668 1055 697 1093 si
729 1055 840 1093 vobis
872 1069 950 1093 non
981 1055 1053 1094 fuit
1083 1056 1192 1094 cordi
1214 1057 1277 1106 Sp.
1302 1055 1563 1104 Postumium,

234 1122 280 1159 T.
315 1120 523 1158 Veturium
558 1122 739 1159 consules
780 1133 870 1158 cum
911 1120 1152 1159 Samnitibus
1192 1134 1377 1171 prospere
1416 1121 1563 1159 bellum

196 1198 215 1229 9
233 1198 376 1234 gerere,
398 1193 437 1223 at
458 1198 526 1222 vos
557 1184 648 1223 satis
676 1184 853 1223 habeatis
873 1184 1017 1224 vidisse
1046 1199 1118 1223 nos
1145 1186 1218 1224 sub
1249 1185 1383 1235 iugum
1412 1185 1564 1234 missos,

233 1249 377 1288 vidisse
399 1249 611 1300 sponsione
632 1248 766 1287 infami
793 1249 998 1299 obligatos,
1024 1250 1157 1289 videre
1184 1251 1313 1288 nudos
1333 1250 1567 1300 vinctosque

233 1315 413 1354 hostibus
448 1314 616 1362 deditos,
652 1328 813 1353 omnem
845 1315 942 1353 iram
978 1315 1151 1354 hostium
1186 1315 1328 1353 nostris
1369 1315 1565 1365 capitibus

177 1398 214 1420 10
234 1378 472 1429 excipientes
487 1394 497 1428 3
527 1393 651 1418 novos
681 1381 863 1418 consules
891 1380 1146 1430 legionesque
1172 1382 1374 1418 Romanas
1399 1381 1451 1418 ita
1473 1394 1563 1419 cum

234 1445 410 1484 Samnite
439 1458 571 1495 gerere
600 1445 749 1483 bellum
772 1444 907 1492 velitis,
930 1452 972 1484 ut
1002 1444 1137 1483 omnia
1165 1454 1256 1484 ante
1288 1459 1360 1484 nos
1381 1447 1565 1485 consules

180 1526 212 1547 11
234 1510 338 1547 bella
367 1518 474 1559 gesta
506 1512 621 1548 sunt.⁷
679 1522 780 1559 quae
812 1509 879 1548 ubi
919 1508 1025 1557 dixit,
1061 1517 1169 1548 tanta
1203 1509 1320 1548 simul
1357 1510 1566 1549 admiratio

234 1574 513 1625 miseratioque
533 1574 603 1613 viri
633 1574 793 1614 incessit
823 1575 1015 1622 homines,
1046 1563 1094 1614 ut·
1124 1577 1246 1614 modo
1270 1575 1332 1613 vix
1361 1577 1565 1615 crederent

234 1639 343 1678 illum
375 1640 547 1679 eundem
577 1652 663 1678 esse
692 1641 758 1690 Sp.
782 1640 1044 1688 Postumium,
1066 1641 1132 1691 qui
1161 1648 1298 1680 auctor
1325 1648 1405 1680 tam
1426 1642 1567 1680 foedae

177 1725 212 1747 12
234 1706 340 1757 pacis
362 1706 508 1754 fuisset,
532 1707 654 1744 modo
685 1705 972 1753 miserarentur,
996 1707 1105 1757 quod
1126 1707 1182 1745 vir
1209 1706 1295 1745 talis
1321 1706 1438 1746 etiam
1460 1720 1567 1757 prae-

233 1771 394 1821 cipuum
428 1771 535 1820 apud
566 1771 699 1809 hostes
734 1770 972 1821 supplicium
1010 1784 1195 1821 passurus
1235 1778 1337 1810 esset
1377 1771 1429 1809 ob
1469 1771 1564 1810 iram

177 1854 215 1884 13
233 1835 450 1885 diremptae
472 1834 589 1884 pacis.
637 1848 727 1873 cum
757 1848 895 1873 omnes
922 1835 1105 1874 laudibus
1134 1837 1255 1874 modo
1283 1844 1566 1886 prosequentes

233 1902 358 1938 virum
388 1901 426 1938 in
458 1899 693 1938 sententiam
725 1901 807 1938 eius
836 1901 1005 1950 pedibus
1026 1900 1136 1948 irent,
1160 1908 1350 1950 temptata
1370 1901 1566 1951 paulisper

141 1964 149 1972 '
178 1981 215 2012 14
233 1965 460 2005 intercessio
482 1974 539 2004 est
560 1966 610 2004 ab
632 1967 675 2004 L.
700 1965 812 2004 Livio
834 1973 871 2004 et
894 1967 942 2014 Q.
970 1965 1117 2004 Maelio
1143 1965 1308 2004 tribunis
1338 1965 1474 2016 plebis,
1499 1967 1565 2016 qui

234 2044 363 2080 neque
384 2030 529 2068 exsolvi
549 2029 737 2080 religione
757 2031 948 2080 populum
976 2029 1135 2069 aiebant
1165 2030 1368 2069 deditione
1389 2044 1470 2078 sua,
1492 2030 1565 2069 nisi

235 2094 368 2133 onmia
389 2094 642 2141 Samnitibus,
665 2094 796 2144 qualia
822 2096 931 2145 apud
959 2095 1156 2134 Caudium
1185 2095 1361 2142 fuissent,
1393 2095 1566 2135 restitue-

180 2174 215 2206 15
235 2168 378 2207 rentur,
402 2174 531 2209 neque
553 2174 594 2198 se
615 2173 686 2210 pro
706 2174 764 2207 eo,
788 2161 897 2210 quod
918 2162 1156 2210 spondendo
1180 2175 1320 2212 pacem
1348 2170 1565 2200 servassent

235 2226 447 2265 exercitum
469 2227 605 2276 populi
628 2225 811 2274 Romani,
830 2238 1000 2275 poenam
1022 2228 1142 2264 ullam
1160 2226 1319 2265 meritos
1335 2240 1420 2265 esse
1435 2239 1566 2277 neque

235 2293 286 2330 ad
307 2299 534 2338 extremum,
558 2304 649 2329 cum
673 2291 912 2329 sacrosancti
943 2300 1084 2339 essent,
1117 2292 1210 2331 dedi
1240 2292 1421 2331 hostibus
1449 2292 1564 2331 viola-

188 2371 216 2408 9
235 2357 314 2396 rive
350 2369 476 2407 posse.
535 2364 619 2394 tum
652 2356 877 2395 Postumius
915 2356 1084 2397 ‘interea
1115 2357 1268 2396 dedite'
1298 2357 1425 2407 inquit
1458 2361 1564 2407 ‘pro-
