<?xml version="1.0" encoding="UTF-8"?>
<!DOCTYPE html PUBLIC "-//W3C//DTD XHTML 1.0 Transitional//EN"
    "http://www.w3.org/TR/xhtml1/DTD/xhtml1-transitional.dtd">
<html xmlns="http://www.w3.org/1999/xhtml" xml:lang="en" lang="en">
 <head>
  <title>
</title>
<meta http-equiv="Content-Type" content="text/html;charset=utf-8" />
  <meta name='ocr-system' content='tesseract 3.04.00' />
  <meta name='ocr-capabilities' content='ocr_page ocr_carea ocr_par ocr_line ocrx_word'/>
</head>
<body>
  <div class='ocr_page' id='page_1' title='image "./aburbeconditalib00livyuoft_0036.png"; bbox 0 0 1747 2620; ppageno 0'>
   <div class='ocr_carea' id='block_1_1' title="bbox 813 120 1009 158">
    <p class='ocr_par' dir='ltr' id='par_1_1' title="bbox 813 120 1009 158">
     <span class='ocr_line' id='line_1_1' title="bbox 813 120 1009 158; baseline -0.01 0"><span class='ocrx_word' id='word_1_1' title='bbox 813 122 860 158; x_wconf 92' lang='lat' dir='ltr'>T.</span> <span class='ocrx_word' id='word_1_2' title='bbox 893 120 1009 157; x_wconf 88' lang='lat' dir='ltr'>LIVI</span> 
     </span>
    </p>
   </div>
   <div class='ocr_carea' id='block_1_2' title="bbox 193 225 1581 2429">
    <p class='ocr_par' dir='ltr' id='par_1_2' title="bbox 212 225 1579 473">
     <span class='ocr_line' id='line_1_2' title="bbox 212 225 1578 280; baseline -0.008 -9"><span class='ocrx_word' id='word_1_3' title='bbox 212 242 231 272; x_wconf 83' lang='lat'>6</span> <span class='ocrx_word' id='word_1_4' title='bbox 252 232 403 270; x_wconf 90' lang='lat' dir='ltr'>sionem</span> <span class='ocrx_word' id='word_1_5' title='bbox 434 244 507 269; x_wconf 91' lang='lat' dir='ltr'>nec</span> <span class='ocrx_word' id='word_1_6' title='bbox 537 243 609 269; x_wconf 92' lang='lat' dir='ltr'>nos</span> <span class='ocrx_word' id='word_1_7' title='bbox 639 230 758 268; x_wconf 87' lang='lat' dir='ltr'>fidem</span> <span class='ocrx_word' id='word_1_8' title='bbox 789 227 924 280; x_wconf 88' lang='lat' dir='ltr'>populi</span> <span class='ocrx_word' id='word_1_9' title='bbox 961 225 1133 266; x_wconf 87' lang='lat' dir='ltr'>Romani</span> <span class='ocrx_word' id='word_1_10' title='bbox 1167 238 1408 264; x_wconf 82' lang='lat' dir='ltr'>accusemus.</span> <span class='ocrx_word' id='word_1_11' title='bbox 1468 236 1578 261; x_wconf 86' lang='lat' dir='ltr'>num-</span> 
     </span>
     <span class='ocr_line' id='line_1_3' title="bbox 250 288 1577 347; baseline -0.007 -12"><span class='ocrx_word' id='word_1_12' title='bbox 250 309 422 347; x_wconf 82' lang='lat' dir='ltr'>quamne</span> <span class='ocrx_word' id='word_1_13' title='bbox 451 308 569 334; x_wconf 88' lang='lat' dir='ltr'>causa</span> <span class='ocrx_word' id='word_1_14' title='bbox 598 295 728 341; x_wconf 86' lang='lat' dir='ltr'>defiet,</span> <span class='ocrx_word' id='word_1_15' title='bbox 760 307 828 332; x_wconf 89' lang='lat' dir='ltr'>cur</span> <span class='ocrx_word' id='word_1_16' title='bbox 855 292 947 332; x_wconf 87' lang='lat' dir='ltr'>victi</span> <span class='ocrx_word' id='word_1_17' title='bbox 982 299 1097 342; x_wconf 90' lang='lat' dir='ltr'>pacto</span> <span class='ocrx_word' id='word_1_18' title='bbox 1132 304 1212 329; x_wconf 90' lang='lat' dir='ltr'>non</span> <span class='ocrx_word' id='word_1_19' title='bbox 1243 288 1380 328; x_wconf 88' lang='lat' dir='ltr'>stetis?</span> <span class='ocrx_word' id='word_1_20' title='bbox 1418 288 1577 327; x_wconf 89' lang='lat' dir='ltr'>obsides</span> 
     </span>
     <span class='ocr_line' id='line_1_4' title="bbox 252 346 1577 402; baseline -0.005 -3"><span class='ocrx_word' id='word_1_21' title='bbox 252 360 468 399; x_wconf 80' lang='lat' dir='ltr'>Porsinnae</span> <span class='ocrx_word' id='word_1_22' title='bbox 496 359 685 399; x_wconf 84' lang='lat' dir='ltr'>dedistis:</span> <span class='ocrx_word' id='word_1_23' title='bbox 724 360 827 398; x_wconf 87' lang='lat' dir='ltr'>furto</span> <span class='ocrx_word' id='word_1_24' title='bbox 856 371 924 397; x_wconf 87' lang='lat' dir='ltr'>eos</span> <span class='ocrx_word' id='word_1_25' title='bbox 954 354 1194 396; x_wconf 84' lang='lat' dir='ltr'>subduxistis</span> <span class='ocrx_word' id='word_1_26' title='bbox 1209 369 1219 402; x_wconf 79' lang='lat'><em>3</em></span> <span class='ocrx_word' id='word_1_27' title='bbox 1256 368 1351 393; x_wconf 86' lang='lat' dir='ltr'>auro</span> <span class='ocrx_word' id='word_1_28' title='bbox 1380 346 1577 395; x_wconf 75' lang='lat' dir='ltr'>civitatem</span> 
     </span>
     <span class='ocr_line' id='line_1_5' title="bbox 250 418 1579 473; baseline -0.007 -8"><span class='ocrx_word' id='word_1_29' title='bbox 250 440 273 464; x_wconf 83' lang='lat' dir='ltr'>a</span> <span class='ocrx_word' id='word_1_30' title='bbox 299 425 422 465; x_wconf 88' lang='lat' dir='ltr'>Gallis</span> <span class='ocrx_word' id='word_1_31' title='bbox 452 424 694 464; x_wconf 83' lang='lat' dir='ltr'>redemistis:</span> <span class='ocrx_word' id='word_1_32' title='bbox 729 423 829 462; x_wconf 88' lang='lat' dir='ltr'>inter</span> <span class='ocrx_word' id='word_1_33' title='bbox 857 422 1133 473; x_wconf 85' lang='lat' dir='ltr'>accipiendum</span> <span class='ocrx_word' id='word_1_34' title='bbox 1163 433 1301 458; x_wconf 89' lang='lat' dir='ltr'>aurum</span> <span class='ocrx_word' id='word_1_35' title='bbox 1331 418 1434 458; x_wconf 86' lang='lat' dir='ltr'>caesi</span> <span class='ocrx_word' id='word_1_36' title='bbox 1464 425 1579 465; x_wconf 82' lang='lat' dir='ltr'>sunt3</span> 
     </span>
    </p>

    <p class='ocr_par' dir='ltr' id='par_1_3' title="bbox 216 482 1577 604">
     <span class='ocr_line' id='line_1_6' title="bbox 216 482 1577 542; baseline -0.007 -12"><span class='ocrx_word' id='word_1_37' title='bbox 216 501 390 542; x_wconf 68' lang='lat' dir='ltr'>Jpacem</span> <span class='ocrx_word' id='word_1_38' title='bbox 420 489 628 529; x_wconf 90' lang='lat' dir='ltr'>nobiscum</span> <span class='ocrx_word' id='word_1_39' title='bbox 659 487 871 539; x_wconf 83' lang='lat' dir='ltr'>pepigistis,</span> <span class='ocrx_word' id='word_1_40' title='bbox 895 495 937 525; x_wconf 94' lang='lat' dir='ltr'>ut</span> <span class='ocrx_word' id='word_1_41' title='bbox 966 486 1140 536; x_wconf 85' lang='lat' dir='ltr'>legiones</span> <span class='ocrx_word' id='word_1_42' title='bbox 1165 484 1277 523; x_wconf 89' lang='lat' dir='ltr'>vobis</span> <span class='ocrx_word' id='word_1_43' title='bbox 1306 491 1439 534; x_wconf 87' lang='lat' dir='ltr'>captas</span> <span class='ocrx_word' id='word_1_44' title='bbox 1470 482 1577 521; x_wconf 90' lang='lat' dir='ltr'>resti-</span> 
     </span>
     <span class='ocr_line' id='line_1_7' title="bbox 252 548 1577 604; baseline -0.008 -9"><span class='ocrx_word' id='word_1_45' title='bbox 252 564 473 595; x_wconf 90' lang='lat' dir='ltr'>tueremus:</span> <span class='ocrx_word' id='word_1_46' title='bbox 504 568 590 593; x_wconf 81' lang='lat' dir='ltr'>eam</span> <span class='ocrx_word' id='word_1_47' title='bbox 617 567 756 604; x_wconf 91' lang='lat' dir='ltr'>pacem</span> <span class='ocrx_word' id='word_1_48' title='bbox 784 553 929 591; x_wconf 90' lang='lat' dir='ltr'>irritam</span> <span class='ocrx_word' id='word_1_49' title='bbox 959 551 1095 590; x_wconf 88' lang='lat' dir='ltr'>facitis.</span> <span class='ocrx_word' id='word_1_50' title='bbox 1155 557 1193 589; x_wconf 93' lang='lat' dir='ltr'>et</span> <span class='ocrx_word' id='word_1_51' title='bbox 1223 562 1377 599; x_wconf 87' lang='lat' dir='ltr'>semper</span> <span class='ocrx_word' id='word_1_52' title='bbox 1405 548 1577 598; x_wconf 84' lang='lat' dir='ltr'>aliquam</span> 
     </span>
    </p>

    <p class='ocr_par' dir='ltr' id='par_1_4' title="bbox 214 615 1578 800">
     <span class='ocr_line' id='line_1_8' title="bbox 214 615 1578 670; baseline -0.007 -11"><span class='ocrx_word' id='word_1_53' title='bbox 214 630 233 660; x_wconf 89' lang='lat'>8</span> <span class='ocrx_word' id='word_1_54' title='bbox 252 620 378 659; x_wconf 86' lang='lat' dir='ltr'>fraudi</span> <span class='ocrx_word' id='word_1_55' title='bbox 395 619 566 670; x_wconf 89' lang='lat' dir='ltr'>speciem</span> <span class='ocrx_word' id='word_1_56' title='bbox 584 618 676 657; x_wconf 85' lang='lat' dir='ltr'>iuris</span> <span class='ocrx_word' id='word_1_57' title='bbox 692 617 904 668; x_wconf 88' lang='lat' dir='ltr'>imponitis.</span> <span class='ocrx_word' id='word_1_58' title='bbox 938 630 1017 655; x_wconf 89' lang='lat' dir='ltr'>non</span> <span class='ocrx_word' id='word_1_59' title='bbox 1031 615 1171 666; x_wconf 88' lang='lat' dir='ltr'>probat</span> <span class='ocrx_word' id='word_1_60' title='bbox 1187 615 1357 664; x_wconf 91' lang='lat' dir='ltr'>populus</span> <span class='ocrx_word' id='word_1_61' title='bbox 1373 615 1578 652; x_wconf 89' lang='lat' dir='ltr'>Romanus</span> 
     </span>
     <span class='ocr_line' id='line_1_9' title="bbox 251 677 1578 736; baseline -0.007 -12"><span class='ocrx_word' id='word_1_62' title='bbox 251 684 515 736; x_wconf 83' lang='lat' dir='ltr'>ignominiosa</span> <span class='ocrx_word' id='word_1_63' title='bbox 552 697 649 734; x_wconf 90' lang='lat' dir='ltr'>pace</span> <span class='ocrx_word' id='word_1_64' title='bbox 688 682 860 733; x_wconf 86' lang='lat' dir='ltr'>legiones</span> <span class='ocrx_word' id='word_1_65' title='bbox 899 688 1094 728; x_wconf 77' lang='lat' dir='ltr'>servatas3</span> <span class='ocrx_word' id='word_1_66' title='bbox 1132 693 1270 730; x_wconf 84' lang='lat' dir='ltr'>pacem</span> <span class='ocrx_word' id='word_1_67' title='bbox 1310 677 1384 717; x_wconf 87' lang='lat' dir='ltr'>sibi</span> <span class='ocrx_word' id='word_1_68' title='bbox 1423 677 1578 724; x_wconf 87' lang='lat' dir='ltr'>habeat,</span> 
     </span>
     <span class='ocr_line' id='line_1_10' title="bbox 250 742 1578 800; baseline -0.007 -11"><span class='ocrx_word' id='word_1_69' title='bbox 250 750 424 800; x_wconf 86' lang='lat' dir='ltr'>legiones</span> <span class='ocrx_word' id='word_1_70' title='bbox 453 756 586 799; x_wconf 89' lang='lat' dir='ltr'>captas</span> <span class='ocrx_word' id='word_1_71' title='bbox 617 747 753 786; x_wconf 88' lang='lat' dir='ltr'>victori</span> <span class='ocrx_word' id='word_1_72' title='bbox 783 746 983 786; x_wconf 86' lang='lat' dir='ltr'>restituat:</span> <span class='ocrx_word' id='word_1_73' title='bbox 1019 747 1095 784; x_wconf 90' lang='lat' dir='ltr'>hoc</span> <span class='ocrx_word' id='word_1_74' title='bbox 1124 745 1211 792; x_wconf 89' lang='lat' dir='ltr'>fide,</span> <span class='ocrx_word' id='word_1_75' title='bbox 1236 746 1312 782; x_wconf 89' lang='lat' dir='ltr'>hoc</span> <span class='ocrx_word' id='word_1_76' title='bbox 1340 742 1578 789; x_wconf 80' lang='lat' dir='ltr'>foederibus,</span> 
     </span>
    </p>

    <p class='ocr_par' dir='ltr' id='par_1_5' title="bbox 213 809 1581 1057">
     <span class='ocr_line' id='line_1_11' title="bbox 213 809 1578 862; baseline -0.006 -9"><span class='ocrx_word' id='word_1_77' title='bbox 213 826 233 859; x_wconf 91' lang='lat'><strong>9</strong></span> <span class='ocrx_word' id='word_1_78' title='bbox 250 816 327 854; x_wconf 93' lang='lat' dir='ltr'>hoc</span> <span class='ocrx_word' id='word_1_79' title='bbox 347 814 543 853; x_wconf 87' lang='lat' dir='ltr'>fetialibus</span> <span class='ocrx_word' id='word_1_80' title='bbox 563 811 810 852; x_wconf 78' lang='lat' dir='ltr'>caerimoniis</span> <span class='ocrx_word' id='word_1_81' title='bbox 831 811 994 862; x_wconf 87' lang='lat' dir='ltr'>dignum</span> <span class='ocrx_word' id='word_1_82' title='bbox 1017 817 1107 849; x_wconf 82' lang='lat' dir='ltr'>erat.</span> <span class='ocrx_word' id='word_1_83' title='bbox 1148 817 1190 847; x_wconf 93' lang='lat' dir='ltr'>ut</span> <span class='ocrx_word' id='word_1_84' title='bbox 1211 809 1373 859; x_wconf 88' lang='lat' dir='ltr'>quidem</span> <span class='ocrx_word' id='word_1_85' title='bbox 1394 815 1446 855; x_wconf 88' lang='lat' dir='ltr'>tu,</span> <span class='ocrx_word' id='word_1_86' title='bbox 1470 809 1578 857; x_wconf 89' lang='lat' dir='ltr'>quod</span> 
     </span>
     <span class='ocr_line' id='line_1_12' title="bbox 251 874 1578 930; baseline -0.006 -12"><span class='ocrx_word' id='word_1_87' title='bbox 251 880 381 930; x_wconf 84' lang='lat' dir='ltr'>petisti</span> <span class='ocrx_word' id='word_1_88' title='bbox 420 893 488 930; x_wconf 88' lang='lat' dir='ltr'>per</span> <span class='ocrx_word' id='word_1_89' title='bbox 526 878 762 929; x_wconf 86' lang='lat' dir='ltr'>pactionem,</span> <span class='ocrx_word' id='word_1_90' title='bbox 804 877 962 923; x_wconf 83' lang='lat' dir='ltr'>habeas,</span> <span class='ocrx_word' id='word_1_91' title='bbox 1000 883 1057 914; x_wconf 83' lang='lat' dir='ltr'>tot</span> <span class='ocrx_word' id='word_1_92' title='bbox 1096 874 1200 913; x_wconf 89' lang='lat' dir='ltr'>cives</span> <span class='ocrx_word' id='word_1_93' title='bbox 1240 875 1468 920; x_wconf 86' lang='lat' dir='ltr'>incolumes,</span> <span class='ocrx_word' id='word_1_94' title='bbox 1505 886 1578 923; x_wconf 90' lang='lat' dir='ltr'>ego</span> 
     </span>
     <span class='ocr_line' id='line_1_13' title="bbox 250 938 1578 997; baseline -0.007 -13"><span class='ocrx_word' id='word_1_95' title='bbox 250 959 401 997; x_wconf 86' lang='lat' dir='ltr'>pacem,</span> <span class='ocrx_word' id='word_1_96' title='bbox 424 958 542 995; x_wconf 86' lang='lat' dir='ltr'>quam</span> <span class='ocrx_word' id='word_1_97' title='bbox 564 945 636 981; x_wconf 89' lang='lat' dir='ltr'>hos</span> <span class='ocrx_word' id='word_1_98' title='bbox 657 942 727 981; x_wconf 90' lang='lat' dir='ltr'>tibi</span> <span class='ocrx_word' id='word_1_99' title='bbox 752 942 989 981; x_wconf 82' lang='lat' dir='ltr'>remittendo</span> <span class='ocrx_word' id='word_1_100' title='bbox 1016 947 1153 990; x_wconf 85' lang='lat' dir='ltr'>pactus</span> <span class='ocrx_word' id='word_1_101' title='bbox 1174 953 1271 985; x_wconf 88' lang='lat' dir='ltr'>sum,</span> <span class='ocrx_word' id='word_1_102' title='bbox 1295 952 1375 977; x_wconf 92' lang='lat' dir='ltr'>non</span> <span class='ocrx_word' id='word_1_103' title='bbox 1397 938 1578 984; x_wconf 85' lang='lat' dir='ltr'>habeam,</span> 
     </span>
     <span class='ocr_line' id='line_1_14' title="bbox 252 1001 1581 1057; baseline -0.008 -8"><span class='ocrx_word' id='word_1_104' title='bbox 252 1013 328 1049; x_wconf 90' lang='lat' dir='ltr'>hoc</span> <span class='ocrx_word' id='word_1_105' title='bbox 358 1018 409 1057; x_wconf 88' lang='lat' dir='ltr'>tu,</span> <span class='ocrx_word' id='word_1_106' title='bbox 434 1012 480 1047; x_wconf 88' lang='lat' dir='ltr'>A.</span> <span class='ocrx_word' id='word_1_107' title='bbox 505 1007 674 1055; x_wconf 81' lang='lat' dir='ltr'>Corneli,</span> <span class='ocrx_word' id='word_1_108' title='bbox 700 1008 775 1046; x_wconf 90' lang='lat' dir='ltr'>hoc</span> <span class='ocrx_word' id='word_1_109' title='bbox 802 1020 883 1052; x_wconf 86' lang='lat' dir='ltr'>vos,</span> <span class='ocrx_word' id='word_1_110' title='bbox 906 1005 1065 1052; x_wconf 91' lang='lat' dir='ltr'>fetiales,</span> <span class='ocrx_word' id='word_1_111' title='bbox 1090 1004 1181 1043; x_wconf 90' lang='lat' dir='ltr'>iuris</span> <span class='ocrx_word' id='word_1_112' title='bbox 1210 1003 1392 1054; x_wconf 85' lang='lat' dir='ltr'>gentibus</span> <span class='ocrx_word' id='word_1_113' title='bbox 1422 1001 1581 1042; x_wconf 87' lang='lat' dir='ltr'>dicitis?</span> 
     </span>
    </p>

    <p class='ocr_par' dir='ltr' id='par_1_6' title="bbox 196 1066 1581 1251">
     <span class='ocr_line' id='line_1_15' title="bbox 196 1066 1579 1126; baseline -0.007 -11"><span class='ocrx_word' id='word_1_114' title='bbox 196 1087 233 1109; x_wconf 92' lang='lat'>10</span> <span class='ocrx_word' id='word_1_115' title='bbox 251 1089 323 1126; x_wconf 89' lang='lat' dir='ltr'>ego</span> <span class='ocrx_word' id='word_1_116' title='bbox 353 1088 444 1113; x_wconf 88' lang='lat' dir='ltr'>vero</span> <span class='ocrx_word' id='word_1_117' title='bbox 474 1073 580 1120; x_wconf 85' lang='lat' dir='ltr'>istos,</span> <span class='ocrx_word' id='word_1_118' title='bbox 613 1085 712 1122; x_wconf 89' lang='lat' dir='ltr'>quos</span> <span class='ocrx_word' id='word_1_119' title='bbox 742 1071 835 1111; x_wconf 87' lang='lat' dir='ltr'>dedi</span> <span class='ocrx_word' id='word_1_120' title='bbox 866 1070 1068 1117; x_wconf 85' lang='lat' dir='ltr'>simulatis,</span> <span class='ocrx_word' id='word_1_121' title='bbox 1100 1083 1173 1108; x_wconf 87' lang='lat' dir='ltr'>nec</span> <span class='ocrx_word' id='word_1_122' title='bbox 1202 1068 1354 1118; x_wconf 90' lang='lat' dir='ltr'>accipio</span> <span class='ocrx_word' id='word_1_123' title='bbox 1384 1081 1457 1106; x_wconf 90' lang='lat' dir='ltr'>nec</span> <span class='ocrx_word' id='word_1_124' title='bbox 1486 1066 1579 1106; x_wconf 86' lang='lat' dir='ltr'>dedi</span> 
     </span>
     <span class='ocr_line' id='line_1_16' title="bbox 250 1128 1581 1188; baseline -0.008 -8"><span class='ocrx_word' id='word_1_125' title='bbox 250 1141 415 1181; x_wconf 86' lang='lat' dir='ltr'>arbitror</span> <span class='ocrx_word' id='word_1_126' title='bbox 435 1153 509 1178; x_wconf 90' lang='lat' dir='ltr'>nec</span> <span class='ocrx_word' id='word_1_127' title='bbox 531 1152 671 1186; x_wconf 89' lang='lat' dir='ltr'>moror,</span> <span class='ocrx_word' id='word_1_128' title='bbox 695 1151 775 1188; x_wconf 91' lang='lat' dir='ltr'>quo</span> <span class='ocrx_word' id='word_1_129' title='bbox 797 1128 926 1175; x_wconf 87' lang='lat' dir='ltr'>minus</span> <span class='ocrx_word' id='word_1_130' title='bbox 946 1136 986 1174; x_wconf 89' lang='lat' dir='ltr'>in</span> <span class='ocrx_word' id='word_1_131' title='bbox 1007 1135 1205 1174; x_wconf 87' lang='lat' dir='ltr'>civitatem</span> <span class='ocrx_word' id='word_1_132' title='bbox 1233 1133 1445 1183; x_wconf 88' lang='lat' dir='ltr'>obligatam</span> <span class='ocrx_word' id='word_1_133' title='bbox 1466 1146 1581 1182; x_wconf 88' lang='lat' dir='ltr'>spon-</span> 
     </span>
     <span class='ocr_line' id='line_1_17' title="bbox 251 1198 1578 1251; baseline -0.008 -6"><span class='ocrx_word' id='word_1_134' title='bbox 251 1206 361 1246; x_wconf 83' lang='lat' dir='ltr'>sione</span> <span class='ocrx_word' id='word_1_135' title='bbox 382 1205 593 1244; x_wconf 88' lang='lat' dir='ltr'>commissa</span> <span class='ocrx_word' id='word_1_136' title='bbox 613 1203 718 1242; x_wconf 89' lang='lat' dir='ltr'>iratis</span> <span class='ocrx_word' id='word_1_137' title='bbox 739 1202 924 1241; x_wconf 91' lang='lat' dir='ltr'>omnibus</span> <span class='ocrx_word' id='word_1_138' title='bbox 944 1201 1015 1248; x_wconf 89' lang='lat' dir='ltr'>dis,</span> <span class='ocrx_word' id='word_1_139' title='bbox 1039 1213 1207 1251; x_wconf 88' lang='lat' dir='ltr'>quorum</span> <span class='ocrx_word' id='word_1_140' title='bbox 1228 1198 1398 1238; x_wconf 89' lang='lat' dir='ltr'>eluditur</span> <span class='ocrx_word' id='word_1_141' title='bbox 1418 1211 1578 1244; x_wconf 88' lang='lat' dir='ltr'>numen,</span> 
     </span>
    </p>

    <p class='ocr_par' dir='ltr' id='par_1_7' title="bbox 196 1264 1581 1506">
     <span class='ocr_line' id='line_1_18' title="bbox 196 1264 1581 1320; baseline -0.006 -11"><span class='ocrx_word' id='word_1_142' title='bbox 196 1288 230 1309; x_wconf 93' lang='lat'>11</span> <span class='ocrx_word' id='word_1_143' title='bbox 252 1273 423 1311; x_wconf 87' lang='lat' dir='ltr'>redeant.</span> <span class='ocrx_word' id='word_1_144' title='bbox 482 1270 603 1320; x_wconf 89' lang='lat' dir='ltr'>gerite</span> <span class='ocrx_word' id='word_1_145' title='bbox 624 1270 783 1315; x_wconf 90' lang='lat' dir='ltr'>bellum,</span> <span class='ocrx_word' id='word_1_146' title='bbox 807 1267 968 1318; x_wconf 88' lang='lat' dir='ltr'>quando</span> <span class='ocrx_word' id='word_1_147' title='bbox 996 1268 1060 1316; x_wconf 83' lang='lat' dir='ltr'>Sp.</span> <span class='ocrx_word' id='word_1_148' title='bbox 1086 1264 1310 1304; x_wconf 86' lang='lat' dir='ltr'>Postumius</span> <span class='ocrx_word' id='word_1_149' title='bbox 1341 1265 1461 1302; x_wconf 90' lang='lat' dir='ltr'>modo</span> <span class='ocrx_word' id='word_1_150' title='bbox 1482 1264 1581 1312; x_wconf 88' lang='lat' dir='ltr'>lega-</span> 
     </span>
     <span class='ocr_line' id='line_1_19' title="bbox 252 1328 1578 1385; baseline -0.008 -9"><span class='ocrx_word' id='word_1_151' title='bbox 252 1346 333 1376; x_wconf 90' lang='lat' dir='ltr'>tum</span> <span class='ocrx_word' id='word_1_152' title='bbox 355 1336 526 1376; x_wconf 88' lang='lat' dir='ltr'>fetialem</span> <span class='ocrx_word' id='word_1_153' title='bbox 547 1348 650 1385; x_wconf 88' lang='lat' dir='ltr'>genu</span> <span class='ocrx_word' id='word_1_154' title='bbox 671 1333 845 1385; x_wconf 89' lang='lat' dir='ltr'>perculit.</span> <span class='ocrx_word' id='word_1_155' title='bbox 898 1332 950 1371; x_wconf 86' lang='lat' dir='ltr'>ita</span> <span class='ocrx_word' id='word_1_156' title='bbox 971 1332 1011 1370; x_wconf 89' lang='lat' dir='ltr'>di</span> <span class='ocrx_word' id='word_1_157' title='bbox 1032 1332 1194 1370; x_wconf 90' lang='lat' dir='ltr'>credent</span> <span class='ocrx_word' id='word_1_158' title='bbox 1215 1328 1431 1368; x_wconf 89' lang='lat' dir='ltr'>Samnitem</span> <span class='ocrx_word' id='word_1_159' title='bbox 1453 1328 1578 1367; x_wconf 89' lang='lat' dir='ltr'>civem</span> 
     </span>
     <span class='ocr_line' id='line_1_20' title="bbox 254 1394 1577 1449; baseline -0.008 -7"><span class='ocrx_word' id='word_1_160' title='bbox 254 1402 512 1449; x_wconf 89' lang='lat' dir='ltr'>Postumium,</span> <span class='ocrx_word' id='word_1_161' title='bbox 530 1414 610 1439; x_wconf 91' lang='lat' dir='ltr'>non</span> <span class='ocrx_word' id='word_1_162' title='bbox 627 1400 752 1439; x_wconf 89' lang='lat' dir='ltr'>civem</span> <span class='ocrx_word' id='word_1_163' title='bbox 771 1401 999 1437; x_wconf 86' lang='lat' dir='ltr'>Romanum</span> <span class='ocrx_word' id='word_1_164' title='bbox 1017 1410 1101 1436; x_wconf 88' lang='lat' dir='ltr'>esse</span> <span class='ocrx_word' id='word_1_165' title='bbox 1123 1404 1160 1435; x_wconf 84' lang='lat' dir='ltr'>et</span> <span class='ocrx_word' id='word_1_166' title='bbox 1176 1410 1199 1434; x_wconf 87' lang='lat' dir='ltr'>a</span> <span class='ocrx_word' id='word_1_167' title='bbox 1215 1394 1390 1434; x_wconf 87' lang='lat' dir='ltr'>Samnite</span> <span class='ocrx_word' id='word_1_168' title='bbox 1406 1395 1577 1444; x_wconf 86' lang='lat' dir='ltr'>legatum</span> 
     </span>
     <span class='ocr_line' id='line_1_21' title="bbox 254 1460 1580 1506; baseline -0.008 0"><span class='ocrx_word' id='word_1_169' title='bbox 254 1470 481 1506; x_wconf 87' lang='lat' dir='ltr'>Romanum</span> <span class='ocrx_word' id='word_1_170' title='bbox 506 1465 721 1504; x_wconf 84' lang='lat' dir='ltr'>violatum:</span> <span class='ocrx_word' id='word_1_171' title='bbox 757 1477 804 1502; x_wconf 92' lang='lat' dir='ltr'>eo</span> <span class='ocrx_word' id='word_1_172' title='bbox 832 1463 944 1502; x_wconf 83' lang='lat' dir='ltr'>vobis</span> <span class='ocrx_word' id='word_1_173' title='bbox 974 1462 1119 1500; x_wconf 90' lang='lat' dir='ltr'>iustum</span> <span class='ocrx_word' id='word_1_174' title='bbox 1150 1460 1189 1499; x_wconf 89' lang='lat' dir='ltr'>in</span> <span class='ocrx_word' id='word_1_175' title='bbox 1220 1473 1292 1499; x_wconf 91' lang='lat' dir='ltr'>nos</span> <span class='ocrx_word' id='word_1_176' title='bbox 1321 1461 1468 1498; x_wconf 89' lang='lat' dir='ltr'>facturn</span> <span class='ocrx_word' id='word_1_177' title='bbox 1496 1472 1580 1497; x_wconf 85' lang='lat' dir='ltr'>esse</span> 
     </span>
    </p>

    <p class='ocr_par' dir='ltr' id='par_1_8' title="bbox 197 1524 1579 1650">
     <span class='ocr_line' id='line_1_22' title="bbox 197 1524 1578 1579; baseline -0.006 -10"><span class='ocrx_word' id='word_1_178' title='bbox 197 1549 231 1570; x_wconf 86' lang='lat'>12</span> <span class='ocrx_word' id='word_1_179' title='bbox 252 1534 410 1572; x_wconf 87' lang='lat' dir='ltr'>bellum.</span> <span class='ocrx_word' id='word_1_180' title='bbox 481 1532 579 1569; x_wconf 86' lang='lat' dir='ltr'>haec</span> <span class='ocrx_word' id='word_1_181' title='bbox 614 1529 783 1569; x_wconf 89' lang='lat' dir='ltr'>ludibria</span> <span class='ocrx_word' id='word_1_182' title='bbox 811 1527 1043 1579; x_wconf 89' lang='lat' dir='ltr'>religionum</span> <span class='ocrx_word' id='word_1_183' title='bbox 1078 1540 1159 1565; x_wconf 92' lang='lat' dir='ltr'>non</span> <span class='ocrx_word' id='word_1_184' title='bbox 1194 1526 1341 1575; x_wconf 87' lang='lat' dir='ltr'>pudere</span> <span class='ocrx_word' id='word_1_185' title='bbox 1375 1524 1414 1562; x_wconf 92' lang='lat' dir='ltr'>in</span> <span class='ocrx_word' id='word_1_186' title='bbox 1449 1525 1578 1562; x_wconf 87' lang='lat' dir='ltr'>lucem</span> 
     </span>
     <span class='ocr_line' id='line_1_23' title="bbox 252 1590 1579 1650; baseline -0.009 -13"><span class='ocrx_word' id='word_1_187' title='bbox 252 1599 421 1650; x_wconf 90' lang='lat' dir='ltr'>proferre</span> <span class='ocrx_word' id='word_1_188' title='bbox 449 1604 486 1635; x_wconf 90' lang='lat' dir='ltr'>et</span> <span class='ocrx_word' id='word_1_189' title='bbox 507 1596 569 1634; x_wconf 88' lang='lat' dir='ltr'>vix</span> <span class='ocrx_word' id='word_1_190' title='bbox 599 1594 728 1645; x_wconf 90' lang='lat' dir='ltr'>pueris</span> <span class='ocrx_word' id='word_1_191' title='bbox 754 1594 892 1644; x_wconf 90' lang='lat' dir='ltr'>dignas</span> <span class='ocrx_word' id='word_1_192' title='bbox 919 1593 1106 1642; x_wconf 86' lang='lat' dir='ltr'>ambages</span> <span class='ocrx_word' id='word_1_193' title='bbox 1136 1604 1249 1629; x_wconf 90' lang='lat' dir='ltr'>senes</span> <span class='ocrx_word' id='word_1_194' title='bbox 1279 1603 1324 1628; x_wconf 85' lang='lat' dir='ltr'>ac</span> <span class='ocrx_word' id='word_1_195' title='bbox 1354 1590 1579 1627; x_wconf 86' lang='lat' dir='ltr'>consulares</span> 
     </span>
    </p>

    <p class='ocr_par' dir='ltr' id='par_1_9' title="bbox 196 1652 1580 1843">
     <span class='ocr_line' id='line_1_24' title="bbox 196 1652 1580 1710; baseline -0.009 -8"><span class='ocrx_word' id='word_1_196' title='bbox 196 1676 233 1706; x_wconf 75' lang='lat'>13</span> <span class='ocrx_word' id='word_1_197' title='bbox 251 1663 445 1702; x_wconf 87' lang='lat' dir='ltr'>fallendae</span> <span class='ocrx_word' id='word_1_198' title='bbox 476 1660 568 1700; x_wconf 90' lang='lat' dir='ltr'>fidei</span> <span class='ocrx_word' id='word_1_199' title='bbox 598 1659 822 1710; x_wconf 79' lang='lat' dir='ltr'>exquirere!</span> <span class='ocrx_word' id='word_1_200' title='bbox 863 1658 885 1705; x_wconf 91' lang='lat' dir='ltr'>i,</span> <span class='ocrx_word' id='word_1_201' title='bbox 908 1657 1032 1703; x_wconf 82' lang='lat' dir='ltr'>lictor,</span> <span class='ocrx_word' id='word_1_202' title='bbox 1062 1658 1179 1695; x_wconf 88' lang='lat' dir='ltr'>deme</span> <span class='ocrx_word' id='word_1_203' title='bbox 1207 1655 1335 1693; x_wconf 86' lang='lat' dir='ltr'>vincla</span> <span class='ocrx_word' id='word_1_204' title='bbox 1362 1652 1555 1692; x_wconf 87' lang='lat' dir='ltr'>Romanis</span> <span class='ocrx_word' id='word_1_205' title='bbox 1570 1668 1580 1701; x_wconf 77' lang='lat'>3</span> 
     </span>
     <span class='ocr_line' id='line_1_25' title="bbox 252 1718 1580 1774; baseline -0.009 -7"><span class='ocrx_word' id='word_1_206' title='bbox 252 1735 425 1767; x_wconf 85' lang='lat' dir='ltr'>moratus</span> <span class='ocrx_word' id='word_1_207' title='bbox 460 1725 509 1764; x_wconf 87' lang='lat' dir='ltr'>sit</span> <span class='ocrx_word' id='word_1_208' title='bbox 547 1738 677 1771; x_wconf 81' lang='lat' dir='ltr'>nemo,</span> <span class='ocrx_word' id='word_1_209' title='bbox 709 1737 789 1774; x_wconf 90' lang='lat' dir='ltr'>quo</span> <span class='ocrx_word' id='word_1_210' title='bbox 824 1722 965 1769; x_wconf 84' lang='lat' dir='ltr'>minus,</span> <span class='ocrx_word' id='word_1_211' title='bbox 998 1720 1065 1760; x_wconf 91' lang='lat' dir='ltr'>ubi</span> <span class='ocrx_word' id='word_1_212' title='bbox 1095 1720 1221 1759; x_wconf 90' lang='lat' dir='ltr'>visum</span> <span class='ocrx_word' id='word_1_213' title='bbox 1256 1718 1380 1766; x_wconf 88' lang='lat' dir='ltr'>fuerit,</span> <span class='ocrx_word' id='word_1_214' title='bbox 1412 1718 1580 1757; x_wconf 57' lang='lat' dir='ltr'>abeant?</span> 
     </span>
     <span class='ocr_line' id='line_1_26' title="bbox 251 1783 1578 1843; baseline -0.009 -11"><span class='ocrx_word' id='word_1_215' title='bbox 251 1802 289 1833; x_wconf 89' lang='lat' dir='ltr'>et</span> <span class='ocrx_word' id='word_1_216' title='bbox 309 1792 363 1831; x_wconf 92' lang='lat' dir='ltr'>illi</span> <span class='ocrx_word' id='word_1_217' title='bbox 384 1791 557 1843; x_wconf 85' lang='lat' dir='ltr'>quidem,</span> <span class='ocrx_word' id='word_1_218' title='bbox 581 1789 742 1829; x_wconf 83' lang='lat' dir='ltr'>forsitan</span> <span class='ocrx_word' id='word_1_219' title='bbox 764 1796 802 1827; x_wconf 88' lang='lat' dir='ltr'>et</span> <span class='ocrx_word' id='word_1_220' title='bbox 827 1787 996 1838; x_wconf 90' lang='lat' dir='ltr'>publica,</span> <span class='ocrx_word' id='word_1_221' title='bbox 1020 1800 1090 1825; x_wconf 89' lang='lat' dir='ltr'>sua</span> <span class='ocrx_word' id='word_1_222' title='bbox 1116 1793 1221 1825; x_wconf 87' lang='lat' dir='ltr'>certe</span> <span class='ocrx_word' id='word_1_223' title='bbox 1243 1784 1405 1823; x_wconf 87' lang='lat' dir='ltr'>liberata</span> <span class='ocrx_word' id='word_1_224' title='bbox 1430 1784 1508 1822; x_wconf 86' lang='lat' dir='ltr'>fide</span> <span class='ocrx_word' id='word_1_225' title='bbox 1528 1783 1578 1821; x_wconf 83' lang='lat' dir='ltr'>ab</span> 
     </span>
    </p>

    <p class='ocr_par' dir='ltr' id='par_1_10' title="bbox 193 1847 1579 1974">
     <span class='ocr_line' id='line_1_27' title="bbox 193 1847 1579 1898; baseline -0.007 -3"><span class='ocrx_word' id='word_1_226' title='bbox 193 1868 234 1895; x_wconf 91' lang='lat'>12</span> <span class='ocrx_word' id='word_1_227' title='bbox 253 1857 408 1898; x_wconf 87' lang='lat' dir='ltr'>Caudio</span> <span class='ocrx_word' id='word_1_228' title='bbox 435 1858 472 1894; x_wconf 92' lang='lat' dir='ltr'>in</span> <span class='ocrx_word' id='word_1_229' title='bbox 495 1862 620 1894; x_wconf 90' lang='lat' dir='ltr'>castra</span> <span class='ocrx_word' id='word_1_230' title='bbox 648 1856 831 1892; x_wconf 89' lang='lat' dir='ltr'>Romana</span> <span class='ocrx_word' id='word_1_231' title='bbox 861 1851 1035 1891; x_wconf 89' lang='lat' dir='ltr'>inviolati</span> <span class='ocrx_word' id='word_1_232' title='bbox 1066 1851 1276 1890; x_wconf 88' lang='lat' dir='ltr'>redierunt.</span> <span class='ocrx_word' id='word_1_233' title='bbox 1336 1847 1579 1887; x_wconf 88' lang='lat' dir='ltr'>Samnitibus</span> 
     </span>
     <span class='ocr_line' id='line_1_28' title="bbox 252 1912 1577 1974; baseline -0.008 -12"><span class='ocrx_word' id='word_1_234' title='bbox 252 1937 322 1974; x_wconf 91' lang='lat' dir='ltr'>pro</span> <span class='ocrx_word' id='word_1_235' title='bbox 338 1922 506 1972; x_wconf 89' lang='lat' dir='ltr'>superba</span> <span class='ocrx_word' id='word_1_236' title='bbox 527 1934 625 1971; x_wconf 87' lang='lat' dir='ltr'>pace</span> <span class='ocrx_word' id='word_1_237' title='bbox 646 1917 941 1958; x_wconf 88' lang='lat' dir='ltr'>infestissimum</span> <span class='ocrx_word' id='word_1_238' title='bbox 958 1915 1209 1955; x_wconf 90' lang='lat' dir='ltr'>cernentibus</span> <span class='ocrx_word' id='word_1_239' title='bbox 1230 1921 1409 1953; x_wconf 81' lang='lat' dir='ltr'>renatum</span> <span class='ocrx_word' id='word_1_240' title='bbox 1431 1912 1577 1952; x_wconf 87' lang='lat' dir='ltr'>bellum</span> 
     </span>
    </p>

    <p class='ocr_par' dir='ltr' id='par_1_11' title="bbox 216 1978 1579 2362">
     <span class='ocr_line' id='line_1_29' title="bbox 216 1978 1579 2037; baseline -0.007 -12"><span class='ocrx_word' id='word_1_241' title='bbox 216 2003 231 2025; x_wconf 88' lang='lat'><strong>2</strong></span> <span class='ocrx_word' id='word_1_242' title='bbox 252 1988 395 2035; x_wconf 86' lang='lat' dir='ltr'>omnia,</span> <span class='ocrx_word' id='word_1_243' title='bbox 428 1999 529 2037; x_wconf 91' lang='lat' dir='ltr'>quae</span> <span class='ocrx_word' id='word_1_244' title='bbox 558 1984 704 2024; x_wconf 88' lang='lat' dir='ltr'>deinde</span> <span class='ocrx_word' id='word_1_245' title='bbox 734 1989 959 2029; x_wconf 89' lang='lat' dir='ltr'>evenerunt,</span> <span class='ocrx_word' id='word_1_246' title='bbox 991 1994 1071 2019; x_wconf 91' lang='lat' dir='ltr'>non</span> <span class='ocrx_word' id='word_1_247' title='bbox 1102 1979 1141 2018; x_wconf 91' lang='lat' dir='ltr'>in</span> <span class='ocrx_word' id='word_1_248' title='bbox 1171 1978 1312 2018; x_wconf 86' lang='lat' dir='ltr'>animis</span> <span class='ocrx_word' id='word_1_249' title='bbox 1346 1979 1473 2016; x_wconf 90' lang='lat' dir='ltr'>solum</span> <span class='ocrx_word' id='word_1_250' title='bbox 1509 1978 1579 2016; x_wconf 87' lang='lat' dir='ltr'>sed</span> 
     </span>
     <span class='ocr_line' id='line_1_30' title="bbox 252 2041 1578 2105; baseline -0.009 -14"><span class='ocrx_word' id='word_1_251' title='bbox 252 2066 373 2105; x_wconf 88' lang='lat' dir='ltr'>prope</span> <span class='ocrx_word' id='word_1_252' title='bbox 403 2051 443 2089; x_wconf 87' lang='lat' dir='ltr'>in</span> <span class='ocrx_word' id='word_1_253' title='bbox 473 2049 597 2089; x_wconf 89' lang='lat' dir='ltr'>oculis</span> <span class='ocrx_word' id='word_1_254' title='bbox 628 2062 724 2096; x_wconf 90' lang='lat' dir='ltr'>esse,</span> <span class='ocrx_word' id='word_1_255' title='bbox 755 2055 793 2086; x_wconf 90' lang='lat' dir='ltr'>et</span> <span class='ocrx_word' id='word_1_256' title='bbox 823 2060 909 2086; x_wconf 89' lang='lat' dir='ltr'>sero</span> <span class='ocrx_word' id='word_1_257' title='bbox 939 2059 985 2084; x_wconf 89' lang='lat' dir='ltr'>ac</span> <span class='ocrx_word' id='word_1_258' title='bbox 1015 2044 1256 2096; x_wconf 86' lang='lat' dir='ltr'>nequiquam</span> <span class='ocrx_word' id='word_1_259' title='bbox 1286 2044 1445 2082; x_wconf 88' lang='lat' dir='ltr'>laudare</span> <span class='ocrx_word' id='word_1_260' title='bbox 1475 2041 1578 2080; x_wconf 89' lang='lat' dir='ltr'>senis</span> 
     </span>
     <span class='ocr_line' id='line_1_31' title="bbox 252 2107 1578 2164; baseline -0.009 -8"><span class='ocrx_word' id='word_1_261' title='bbox 252 2117 383 2157; x_wconf 88' lang='lat' dir='ltr'>Pontii</span> <span class='ocrx_word' id='word_1_262' title='bbox 422 2123 586 2164; x_wconf 87' lang='lat' dir='ltr'>utraque</span> <span class='ocrx_word' id='word_1_263' title='bbox 621 2112 792 2159; x_wconf 80' lang='lat' dir='ltr'>consilia,</span> <span class='ocrx_word' id='word_1_264' title='bbox 831 2111 931 2150; x_wconf 89' lang='lat' dir='ltr'>inter</span> <span class='ocrx_word' id='word_1_265' title='bbox 964 2123 1066 2161; x_wconf 88' lang='lat' dir='ltr'>quae</span> <span class='ocrx_word' id='word_1_266' title='bbox 1105 2123 1146 2149; x_wconf 91' lang='lat' dir='ltr'>se</span> <span class='ocrx_word' id='word_1_267' title='bbox 1180 2107 1311 2148; x_wconf 88' lang='lat' dir='ltr'>media</span> <span class='ocrx_word' id='word_1_268' title='bbox 1350 2109 1479 2158; x_wconf 87' lang='lat' dir='ltr'>lapsos</span> <span class='ocrx_word' id='word_1_269' title='bbox 1513 2107 1578 2145; x_wconf 75' lang='lat' dir='ltr'>via</span> 
     </span>
     <span class='ocr_line' id='line_1_32' title="bbox 251 2170 1579 2231; baseline -0.01 -9"><span class='ocrx_word' id='word_1_270' title='bbox 251 2182 435 2222; x_wconf 87' lang='lat' dir='ltr'>victoriae</span> <span class='ocrx_word' id='word_1_271' title='bbox 462 2178 752 2231; x_wconf 86' lang='lat' dir='ltr'>possessionem</span> <span class='ocrx_word' id='word_1_272' title='bbox 780 2190 877 2227; x_wconf 90' lang='lat' dir='ltr'>pace</span> <span class='ocrx_word' id='word_1_273' title='bbox 905 2176 1052 2214; x_wconf 87' lang='lat' dir='ltr'>ineerta</span> <span class='ocrx_word' id='word_1_274' title='bbox 1077 2181 1248 2213; x_wconf 87' lang='lat' dir='ltr'>mutasse</span> <span class='ocrx_word' id='word_1_275' title='bbox 1272 2180 1311 2212; x_wconf 94' lang='lat' dir='ltr'>et</span> <span class='ocrx_word' id='word_1_276' title='bbox 1338 2170 1520 2211; x_wconf 83' lang='lat' dir='ltr'>beneficii</span> <span class='ocrx_word' id='word_1_277' title='bbox 1541 2178 1579 2209; x_wconf 92' lang='lat' dir='ltr'>et</span> 
     </span>
     <span class='ocr_line' id='line_1_33' title="bbox 251 2239 1579 2291; baseline -0.01 -4"><span class='ocrx_word' id='word_1_278' title='bbox 251 2246 433 2287; x_wconf 88' lang='lat' dir='ltr'>maleficii</span> <span class='ocrx_word' id='word_1_279' title='bbox 455 2244 664 2285; x_wconf 87' lang='lat' dir='ltr'>occasione</span> <span class='ocrx_word' id='word_1_280' title='bbox 687 2242 831 2281; x_wconf 82' lang='lat' dir='ltr'>amissa</span> <span class='ocrx_word' id='word_1_281' title='bbox 857 2248 1097 2291; x_wconf 86' lang='lat' dir='ltr'>pugnaturos</span> <span class='ocrx_word' id='word_1_282' title='bbox 1119 2253 1210 2278; x_wconf 91' lang='lat' dir='ltr'>cum</span> <span class='ocrx_word' id='word_1_283' title='bbox 1235 2239 1305 2287; x_wconf 85' lang='lat' dir='ltr'>eis,</span> <span class='ocrx_word' id='word_1_284' title='bbox 1324 2251 1423 2288; x_wconf 88' lang='lat' dir='ltr'>quos</span> <span class='ocrx_word' id='word_1_285' title='bbox 1445 2244 1579 2287; x_wconf 87' lang='lat' dir='ltr'>potue—</span> 
     </span>
     <span class='ocr_line' id='line_1_34' title="bbox 250 2302 1574 2362; baseline -0.01 -10"><span class='ocrx_word' id='word_1_286' title='bbox 250 2314 326 2352; x_wconf 89' lang='lat' dir='ltr'>rint</span> <span class='ocrx_word' id='word_1_287' title='bbox 355 2312 394 2350; x_wconf 91' lang='lat' dir='ltr'>in</span> <span class='ocrx_word' id='word_1_288' title='bbox 425 2316 657 2362; x_wconf 86' lang='lat' dir='ltr'>perpetuum</span> <span class='ocrx_word' id='word_1_289' title='bbox 688 2309 747 2346; x_wconf 88' lang='lat' dir='ltr'>vel</span> <span class='ocrx_word' id='word_1_290' title='bbox 782 2306 963 2344; x_wconf 86' lang='lat' dir='ltr'>inimicos</span> <span class='ocrx_word' id='word_1_291' title='bbox 998 2307 1133 2344; x_wconf 83' lang='lat' dir='ltr'>tollere</span> <span class='ocrx_word' id='word_1_292' title='bbox 1162 2305 1223 2343; x_wconf 93' lang='lat' dir='ltr'>vel</span> <span class='ocrx_word' id='word_1_293' title='bbox 1257 2302 1405 2342; x_wconf 89' lang='lat' dir='ltr'>amicos</span> <span class='ocrx_word' id='word_1_294' title='bbox 1438 2303 1574 2340; x_wconf 88' lang='lat' dir='ltr'>facere.</span> 
     </span>
    </p>

    <p class='ocr_par' dir='ltr' id='par_1_12' title="bbox 214 2366 1576 2429">
     <span class='ocr_line' id='line_1_35' title="bbox 214 2366 1576 2429; baseline -0.01 -11"><span class='ocrx_word' id='word_1_295' title='bbox 214 2397 232 2429; x_wconf 81' lang='lat'>3</span> <span class='ocrx_word' id='word_1_296' title='bbox 250 2379 431 2427; x_wconf 88' lang='lat' dir='ltr'>adeoque</span> <span class='ocrx_word' id='word_1_297' title='bbox 447 2375 654 2413; x_wconf 88' lang='lat' dir='ltr'>nullodum</span> <span class='ocrx_word' id='word_1_298' title='bbox 668 2371 880 2411; x_wconf 85' lang='lat' dir='ltr'>certamine</span> <span class='ocrx_word' id='word_1_299' title='bbox 897 2370 1091 2409; x_wconf 86' lang='lat' dir='ltr'>inclinatis</span> <span class='ocrx_word' id='word_1_300' title='bbox 1099 2369 1245 2409; x_wconf 86' lang='lat' dir='ltr'>viribus</span> <span class='ocrx_word' id='word_1_301' title='bbox 1258 2375 1346 2419; x_wconf 90' lang='lat' dir='ltr'>post</span> <span class='ocrx_word' id='word_1_302' title='bbox 1354 2366 1576 2407; x_wconf 87' lang='lat' dir='ltr'>Caudinam</span> 
     </span>
    </p>
   </div>
  </div>
 </body>
</html>
