1747 2620
376 131 447 167 AB
478 129 627 166 VRBE
657 128 915 167 CONDITA
946 128 1050 164 LIB.
1082 127 1150 164 IX.
1184 127 1218 172 8,
1251 138 1274 173 9

163 239 274 276 fanos
294 251 378 284 nos,
401 251 501 288 quos
530 238 635 275 salva
661 235 847 285 religione
878 234 1065 285 potestis;
1093 233 1247 273 dedetis
1276 232 1422 272 deinde
1448 239 1486 269 et
1510 245 1523 266 2

161 303 254 342 istos
275 309 555 349 sacrosanctos,
577 314 667 340 cum
698 300 868 350 primum
897 299 1122 350 magistratu
1150 297 1329 345 abierint,
1351 297 1432 343 sed,
1455 295 1487 334 si

161 381 223 406 me
261 366 440 414 audiatis,
479 367 706 417 priusquam
747 366 955 412 dedantur,
994 363 1056 402 hic
1096 364 1135 402 in
1173 361 1335 402 comitio
1373 360 1487 411 virgis

160 446 305 479 caesos,
338 434 440 471 hanc
470 431 547 469 iam
582 438 624 470 ut
653 430 903 469 intercalatae
933 441 1084 479 poenae
1114 440 1271 466 usuram
1301 427 1486 465 habeant.

160 511 251 536 nam
274 498 383 548 quod
400 496 602 535 deditione
616 503 748 534 nostra
764 501 907 545 negant
921 494 1068 532 exsolvi
1082 492 1269 542 religione
1282 492 1486 541 populum,
1509 507 1526 538 3

159 561 199 600 id
229 561 324 600 istos
350 561 486 612 magis,
509 575 558 600 ne
589 561 797 608 dedantur,
818 572 936 609 quam
968 557 1060 608 quia
1090 557 1143 595 ita
1172 570 1213 595 se
1242 569 1301 595 res
1331 555 1485 602 habeat,

160 626 301 674 dicere,
336 626 423 677 quis
452 628 554 665 adeo
589 625 680 664 iuris
711 624 899 664 fetialium
932 636 1068 673 expers
1103 629 1172 669 est,
1206 620 1273 671 qui
1306 619 1489 670 ignoret?

160 705 289 742 neque
323 705 396 741 ego
432 691 575 729 infitias
611 704 670 738 eo,
705 697 834 740 patres
873 687 1096 738 conscripti,
1134 694 1213 724 tam
1254 684 1526 736 sponsiones4

160 770 279 807 quam
315 757 474 795 foedera
506 763 641 794 sancta
675 768 760 793 esse
789 754 896 804 apud
930 766 997 791 eos
1032 751 1225 799 homines,
1251 750 1358 800 apud
1388 761 1488 799 quos

160 821 267 860 iuxta
296 821 448 860 divinas
479 820 685 870 religiones
716 821 813 859 fides
843 820 1018 857 humana
1046 816 1211 864 colitur,
1241 816 1311 854 sed
1338 813 1488 852 iniussu

160 886 296 938 populi
317 900 418 937 nego
439 886 653 936 quicquam
674 884 815 923 sanciri
844 897 972 934 posse,
994 884 1103 933 quod
1131 882 1322 932 populum
1344 886 1486 918 teneat.

159 966 224 1000 an,
245 952 276 990 si
296 953 435 991 eadem
464 951 656 1001 superbia,
680 964 758 1000 qua
787 948 1042 1000 sponsionem
1073 948 1187 986 istam
1218 951 1490 996 expresserunt
1511 954 1528 986 5

161 1016 275 1055 nobis
306 1016 513 1064 Samnites,
545 1015 765 1067 coegissent
794 1028 867 1053 nos
899 1015 1018 1053 verba
1051 1012 1224 1063 legitima
1257 1009 1488 1050 dedentium

161 1083 277 1120 urbes
298 1095 535 1132 nuncupare,
559 1080 739 1120 deditum
760 1081 953 1130 populum
974 1081 1202 1117 Romanum
1223 1088 1306 1124 vos,
1331 1075 1488 1121 tribuni,

161 1147 342 1186 diceretis
369 1155 407 1186 et
437 1149 538 1185 hanc
559 1147 707 1193 urbem,
732 1147 888 1196 templa,
911 1145 1086 1191 delubra,
1109 1144 1218 1190 fines,
1241 1154 1363 1191 aquas
1384 1141 1490 1179 Sam-

161 1212 301 1251 nitium
332 1214 446 1251 esse?
503 1212 644 1251 omitto
673 1210 931 1258 deditionem,
968 1208 1157 1260 quoniam
1193 1208 1244 1246 de
1275 1204 1489 1257 sponsione
1510 1211 1529 1243 6

160 1276 286 1327 agitur
299 1292 309 1325 ,-
339 1277 436 1328 quid
457 1278 629 1324 tandem,
647 1276 678 1314 si
700 1275 1054 1327 spopondissemus
1068 1273 1206 1312 urbem
1224 1273 1327 1310 hanc
1340 1270 1491 1309 relictu-

161 1356 246 1381 rum
276 1344 468 1393 populum
498 1342 759 1380 Romanum?
789 1341 819 1379 si
851 1340 1137 1379 incensurum?
1166 1337 1198 1376 si
1228 1335 1488 1386 magistratus,

160 1406 191 1445 si
222 1414 413 1454 senatum,
445 1407 477 1446 si
506 1409 610 1457 leges
640 1420 720 1445 non
751 1405 1010 1444 habiturum?
1040 1403 1070 1442 si
1101 1403 1175 1441 sub
1205 1400 1360 1451 regibus
1390 1401 1489 1437 futu-

162 1475 280 1511 rum?
326 1473 367 1512 di
407 1472 579 1519 meliora,
621 1471 761 1522 inquis.
836 1469 950 1521 atqui
989 1483 1070 1508 non
1109 1466 1321 1518 indignitas
1360 1478 1528 1514 rerum7

162 1537 385 1589 sponsionis
415 1537 615 1576 vinculum
647 1538 772 1576 levat:
816 1535 847 1574 si
878 1535 975 1585 quid
1007 1542 1074 1581 est,
1109 1533 1149 1573 in
1183 1533 1293 1583 quod
1327 1529 1490 1580 obligari

163 1605 332 1655 populus
352 1603 486 1653 possit,
510 1603 550 1640 in
570 1601 704 1642 omnia
723 1608 864 1652 potest.
924 1608 962 1639 et
989 1614 1039 1639 ne
1066 1599 1163 1637 illud
1184 1597 1358 1648 quidem,
1381 1595 1490 1646 quod

163 1669 357 1719 quosdam
397 1667 555 1706 forsitan
596 1674 763 1714 moveat,
803 1667 928 1712 refert,
969 1665 1108 1702 consul
1146 1676 1197 1700 an
1236 1661 1403 1700 dictator
1440 1672 1490 1698 an

164 1740 318 1783 praetor
347 1731 615 1783 spoponderit.
674 1738 712 1770 et
746 1731 823 1769 hoc
857 1729 930 1780 ipsi
965 1729 1083 1767 etiam
1119 1726 1313 1766 Samnites
1348 1723 1528 1763 iudica-8

163 1805 311 1845 verunt,
335 1797 478 1847 quibus
500 1810 580 1835 non
601 1795 672 1834 fuit
693 1795 785 1834 satis
805 1796 988 1834 consules
1010 1794 1219 1844 spondere,
1240 1792 1309 1830 sed
1331 1791 1491 1840 legatos,

162 1870 400 1913 quaestoreS,
435 1861 612 1900 tribunos
647 1860 815 1899 militum
847 1860 1042 1910 spondere
1081 1863 1303 1908 coegerunt.
1363 1868 1437 1893 nec
1470 1866 1529 1897 a9

165 1942 228 1967 me
249 1941 354 1967 nunc
381 1927 590 1978 quisquam
615 1925 860 1976 quaesiverit,
883 1924 979 1975 quid
1007 1923 1060 1961 ita
1084 1919 1378 1975 spoponderim,
1401 1932 1491 1957 cum

165 1993 206 2032 id
236 2007 309 2032 nec
338 1992 512 2031 consulis
542 1991 601 2030 ius
625 1998 739 2038 esset,
772 2003 845 2028 nec
876 1989 948 2027 illis
981 1989 1177 2039 spondere
1209 1999 1358 2037 pacem,
1391 1997 1493 2034 quae

166 2058 243 2098 mei
273 2072 354 2097 non
384 2065 464 2096 erat
495 2056 653 2103 arbitrii,
686 2069 759 2094 nec
788 2068 859 2106 pro
894 2053 1017 2101 vobis,
1051 2052 1119 2103 qui
1150 2051 1248 2090 nihil
1280 2051 1492 2089 mandave-

166 2122 269 2170 ratis,
291 2135 460 2172 possem.
503 2120 600 2159 nihil
615 2121 665 2159 ad
681 2119 890 2167 Caudium,
914 2126 1042 2169 patres
1063 2115 1287 2167 conscripti,
1310 2114 1493 2154 humanis
1514 2131 1555 2154 10

166 2186 339 2227 consiliis
368 2193 521 2237 gestum
551 2192 635 2225 est:
676 2184 717 2224 di
747 2184 986 2222 immortales
1016 2189 1054 2221 et
1083 2181 1219 2221 vestris
1249 2188 1287 2219 et
1319 2179 1493 2219 hostium

167 2251 468 2303 imperatoribus
498 2257 672 2288 mentem
701 2250 945 2289 ademerunt.
1004 2261 1077 2287 nec
1108 2259 1181 2285 nos
1208 2245 1248 2284 in
1276 2245 1381 2284 bello
1402 2243 1494 2283 satis
1515 2256 1551 2279 11

167 2316 353 2363 cavimus,
385 2322 424 2355 et
453 2314 507 2353 illi
537 2316 639 2353 male
667 2321 817 2365 partam
850 2312 1054 2352 victoriam
1089 2313 1191 2350 male
1225 2309 1492 2363 perdiderunt,

167 2383 263 2422 dum
293 2381 355 2420 vix
383 2380 491 2428 locis,
522 2379 666 2431 quibus
695 2378 879 2426 vicerant,
909 2378 1087 2422 credunt,
1118 2377 1213 2416 dum
1243 2387 1494 2426 quacumque
1520 2403 1531 2413 -,
