1747 2620
353 148 423 184 AB
455 147 605 183 VRBE
635 146 891 185 CONDITA
922 148 1025 185 LIB.
1058 149 1128 185 IX.
1161 160 1286 197 23—25

156 253 334 292 hostibus
350 260 464 302 capta
479 260 561 300 est;
589 253 802 300 defendite,
821 253 872 291 ite
886 256 905 290 '.
952 256 1048 294 haec
1065 255 1243 295 incidens
1261 256 1479 306 principum
1504 273 1541 294 10

154 317 312 364 foribus,
335 318 432 356 baec
453 317 588 365 obviis,
613 319 710 356 haec
731 318 1025 358 excurrentibus
1046 320 1085 358 in
1106 321 1309 370 publicum
1331 321 1481 372 pavidis

153 382 336 432 increpat.
395 390 602 432 acceptum
642 383 693 421 ab
732 396 812 421 uno
851 397 1034 433 pavorem
1075 387 1204 435 plures
1243 400 1310 436 per
1343 387 1480 425 urbem
1505 401 1537 422 11

153 448 291 486 serunt.
351 447 492 497 trepidi
520 447 766 497 magistratus
793 448 920 487 missis
944 450 996 488 ad
1020 463 1150 489 arcem
1173 451 1482 500 exploratoribus

152 525 243 550 cum
283 514 360 551 tela
399 520 437 551 et
475 521 646 552 armatos
681 521 814 553 tenere
851 528 983 554 arcem
1019 516 1278 566 multiplicato
1318 531 1483 556 numero

152 577 343 625 audirent,
375 585 554 617 avertunt
583 579 736 617 animos
766 593 788 617 a
819 592 887 629 spe
916 582 1207 631 recuperandae
1237 581 1334 620 arcis
1350 596 1359 629 ς
1393 583 1483 632 fuga
1505 595 1541 616 12

153 649 294 681 cuncta
332 645 581 693 complentur
616 651 831 694 portaeque
865 646 916 683 ab
951 645 1201 685 semisomnis
1233 660 1279 684 ac
1314 646 1483 685 maxima

151 714 260 758 parte
281 708 496 747 inermibus
519 708 791 759 refringuntur,
815 723 979 760 quarum
1009 725 1078 761 per
1097 725 1217 750 unam
1243 712 1481 762 praesidium

153 774 381 811 Romanum
411 775 583 812 clamore
604 773 815 813 excitatum
838 774 1015 825 irrumpit
1037 783 1075 814 et
1103 784 1384 815 concursantes
1414 791 1483 827 per

152 838 232 876 vias
262 837 426 888 pavidos
457 839 598 877 caedit.
656 839 734 877 iam
765 840 861 878 Sora
895 848 1010 891 capta
1044 849 1135 888 erat,
1174 855 1264 880 cum
1300 844 1482 881 consules
1505 854 1541 884 15

150 902 276 953 prima
303 904 390 942 luce
417 905 613 942 advenere
640 911 688 952 et,
712 917 812 954 quos
839 905 1010 955 reliquos
1039 907 1195 945 fortuna
1222 922 1268 946 ex
1290 915 1482 946 nocturna

152 969 274 1007 caede
307 982 353 1007 ac
388 970 479 1019 fuga
512 970 668 1016 fecerat,
706 969 745 1007 in
781 970 1026 1010 deditionem
1066 972 1276 1023 accipiunt.
1336 987 1383 1011 ex
1422 974 1481 1011 his
1505 982 1541 1013 ¹4

151 1035 345 1073 ducentos
374 1034 510 1084 viginti
545 1034 731 1085 quinque,
764 1035 831 1085 qui
866 1036 1045 1075 omnium
1081 1051 1278 1077 consensu
1314 1038 1483 1077 destina-

152 1099 294 1137 bantur
315 1107 354 1138 et
375 1098 559 1138 infandae
577 1100 809 1138 colonorum
831 1101 963 1139 caedis
985 1109 1023 1140 et
1037 1102 1272 1142 defectionis
1288 1111 1479 1150 auctores,

152 1163 304 1203 vinctos
336 1166 508 1203 Romam
538 1165 743 1203 deducunt
760 1180 769 1213 3
807 1173 977 1204 ceteram
1008 1167 1304 1207 multitudinem
1335 1168 1483 1208 incolu-

153 1243 257 1268 mem
292 1229 489 1279 praesidio
527 1229 715 1279 imposito
751 1232 871 1269 Sorae
914 1231 1150 1282 relinquunt.
1224 1247 1373 1281 omnes,
1415 1234 1482 1284 qui
1505 1243 1539 1273 15

152 1296 324 1333 Romam
345 1293 507 1333 deducti
528 1302 648 1341 erant,
668 1294 783 1345 virgis
805 1295 844 1333 in
866 1297 951 1334 foro
970 1297 1073 1335 caesi
1094 1311 1139 1336 ac
1162 1298 1287 1337 securi
1308 1299 1482 1349 percussi

150 1373 307 1398 summo
327 1359 472 1409 gaudio
493 1359 630 1409 plebis,
654 1359 766 1399 cuius
784 1361 953 1400 maxime
969 1361 1152 1401 intererat
1173 1371 1297 1402 tutam
1320 1363 1479 1414 ubique,

151 1438 252 1475 quae
273 1423 418 1475 passim
440 1424 479 1462 in
501 1424 677 1463 colonias
699 1425 928 1474 mitteretur,
952 1427 1247 1467 multitudinem
1269 1442 1365 1468 esse.

205 1491 401 1529 Consules
422 1491 472 1529 ab
489 1491 585 1529 Sora
607 1492 771 1540 profecti
799 1491 839 1529 in
859 1506 971 1542 agros
992 1500 1112 1543 atque
1133 1494 1249 1533 urbes
1271 1497 1479 1533 Ausonum
1500 1505 1551 1543 25

150 1556 298 1594 bellum
329 1555 556 1594 intulerunt.
616 1564 725 1595 mota
754 1570 926 1608 namque
957 1558 1091 1596 omnia
1123 1560 1297 1598 adventu
1332 1559 1482 1598 Samni·
1503 1579 1517 1600 2

152 1619 266 1669 tium,
286 1634 376 1659 cum
407 1622 515 1670 apud
547 1622 734 1659 Lautulas
764 1622 995 1661 dimicatum
1027 1632 1096 1671 est,
1126 1625 1279 1663 fuerant
1306 1624 1481 1663 coniura-

151 1685 359 1736 tionesque
381 1685 483 1724 circa
505 1686 767 1736 Campaniam
789 1688 934 1737 passim
963 1690 1088 1728 factae
1103 1705 1113 1738 3
1143 1704 1216 1729 nec
1239 1692 1377 1741 Capua
1398 1691 1481 1741 ipsa

151 1750 315 1790 crimine
355 1753 503 1799 caruit3
546 1752 641 1802 quin
683 1754 853 1792 Romam
894 1768 1054 1805 quoque
1093 1763 1131 1794 et
1169 1757 1220 1794 ad
1259 1755 1519 1807 principum3

151 1817 346 1866 quosdam
374 1815 610 1866 inquirendo
632 1824 793 1856 ventum
821 1826 890 1856 est.
950 1826 1124 1857 ceterum
1147 1822 1355 1858 Ausonum
1385 1834 1480 1871 gens

150 1880 374 1931 proditione
394 1881 562 1928 urbium,
587 1881 687 1920 sicut
708 1884 815 1930 Sora,
838 1882 878 1920 in
898 1891 1136 1933 potestatem
1158 1885 1274 1923 venit.
1316 1887 1480 1924 Ausona
1499 1902 1519 1932 4

151 1953 189 1984 et
220 1945 449 1984 Minturnae
478 1953 516 1984 et
546 1946 690 1985 Vescia
724 1947 840 1985 urbes
870 1955 991 1996 erant,
1023 1963 1069 1987 ex
1104 1949 1248 1999 quibus
1283 1949 1479 2000 principes

149 2010 361 2049 iuventutis
377 2010 590 2050 duodecim
612 2025 777 2050 numero
798 2011 837 2049 in
858 2012 1123 2062 proditionem
1144 2014 1300 2053 urbium
1322 2029 1478 2054 suarum

150 2075 341 2114 coniurati
380 2077 431 2114 ad
465 2077 647 2115 consules
679 2076 866 2125 veniunt3
907 2079 1054 2117 docent
1087 2093 1180 2118 suos
1214 2079 1291 2118 iam
1326 2080 1477 2130 pridem
1500 2094 1517 2125 5

150 2147 380 2190 exoptantes
408 2139 643 2178 Samnitium
669 2142 894 2189 adventum,
918 2142 1034 2181 simul
1054 2145 1105 2182 ad
1128 2146 1314 2183 Lautulas
1335 2159 1480 2196 pugna-

151 2213 235 2244 tum
251 2204 471 2252 audierunt,
489 2219 560 2255 pro
576 2205 688 2244 victis
703 2207 907 2246 Romanos
924 2208 1120 2257 habuisse,
1138 2208 1341 2248 iuventute
1361 2210 1478 2248 armis

151 2269 368 2310 Samnitem
407 2269 575 2318 iuvisse3
618 2270 758 2321 fugatis
793 2271 886 2311 inde
920 2273 1162 2313 Samnitibus
1197 2274 1346 2314 incerta
1380 2289 1477 2326 pace
1497 2285 1516 2316 6

150 2348 264 2385 agere
291 2349 364 2374 nec
391 2336 620 2374 claudentes
640 2343 771 2386 portas
799 2338 1003 2386 Romanis,
1027 2352 1077 2378 ne
1097 2348 1295 2379 arcessant
1315 2341 1478 2389 bellum,

151 2408 189 2439 et
228 2400 448 2439 obstinatos
488 2401 681 2449 claudere,
723 2401 754 2440 si
793 2402 984 2442 exercitus
1023 2405 1303 2444 admoveatur:
1347 2405 1386 2444 in
1433 2419 1479 2444 ea

219 2488 280 2507 Llw
300 2489 328 2506 ix
1366 2479 1389 2500 Ῑ)
