1747 2620
791 110 838 147 T.
872 110 988 148 LIVI

172 222 207 244 1²
227 215 464 254 condicione
484 229 592 254 arma
612 216 701 255 viris
731 218 769 254 in
799 230 907 256 arma
936 217 1037 256 natis
1066 219 1215 256 auferre
1236 217 1432 256 festinant.
1490 231 1554 264 an,

227 281 258 319 si
287 295 382 319 sana
417 296 529 321 mens
559 282 704 329 fuisset,
727 282 884 321 difficile
911 282 984 321 illis
1005 283 1088 331 fuit,
1110 285 1206 322 dum
1228 296 1341 322 senes
1361 284 1412 321 ab
1432 284 1555 322 domo

227 347 277 384 ad
300 348 606 386 consultandum
626 355 843 395 accersunt,
867 347 1019 386 mittere
1048 349 1219 386 Romam
1245 350 1392 398 legatos
1406 350 1427 398 Ρ,
1463 361 1554 386 cum

170 422 207 453 13
228 419 378 459 senatu,
400 425 490 450 cum
521 414 669 463 populo
699 414 750 452 de
774 427 870 463 pace
894 427 940 451 ac
970 414 1129 452 foedere
1157 415 1300 463 agere?
1339 412 1457 451 tridui
1484 412 1556 451 iter

228 476 419 527 expeditis
458 485 538 516 erat
556 492 566 525 3
608 478 756 516 interea
795 478 834 516 in
874 478 1035 517 indutiis
1074 492 1134 516 res
1168 478 1314 525 fuisset,
1349 479 1478 516 donec
1504 478 1556 516 ab

230 542 497 594 Roma-legati
517 550 584 581 aut
604 542 807 582 victoriam
836 543 910 581 illis
931 550 1077 581 certam
1098 551 1166 581 aut
1186 556 1323 594 pacem
1345 544 1552 582 adferrent.

228 620 274 645 ea
295 608 457 646 demum
474 607 635 658 sponsio
649 615 761 655 esset,
780 621 899 658 quam
916 608 1053 658 populi
1069 607 1175 647 iussu
1189 607 1553 659 spopondissemus.

170 680 209 714 14
229 673 299 711 sed
326 686 455 722 neque
475 686 544 711 vos
575 672 771 720 tulissetis,
794 687 866 712 nec
896 686 969 712 nos
999 673 1363 724 spopondissemus,
1396 686 1470 712 nec
1499 674 1556 711 fas

229 737 300 776 fuit
329 739 449 776 alium
481 752 609 777 rerum
641 738 787 777 exitum
820 752 916 786 esse,
949 752 1068 789 quam
1101 746 1143 777 ut
1178 738 1231 777 illi
1262 740 1368 777 velut
1400 737 1556 777 somnio

172 808 208 840 Ι5
228 801 398 850 laetiore,
421 816 541 853 quam
571 805 679 853 quod
710 811 862 842 mentes
891 817 1027 842 eorum
1056 817 1196 854 capere
1223 811 1397 854 possent,
1420 802 1556 853 nequi-

227 880 347 917 quam
377 869 628 907 eluderentur
657 875 695 907 et
726 876 904 907 nostrum
929 868 1141 907 exercitum
1172 870 1323 915 eadem,
1356 881 1457 918 quae
1489 867 1557 906 im-

227 933 413 983 pedierat,
436 934 591 972 fortuna
620 933 830 983 expediret,
853 947 994 972 vanam
1024 933 1225 972 victoriam
1246 932 1382 971 vanior
1409 931 1554 970 irritam

228 999 371 1036 faceret
391 1012 477 1048 pax,
500 998 661 1049 sponsio
691 998 1014 1049 interponeretur,
1039 1012 1141 1049 quae
1170 998 1372 1037 neminem
1402 1004 1556 1047 praeter

169 1061 208 1092 16
228 1076 458 1113 sponsorem
499 1063 699 1113 obligaret.
759 1064 855 1114 quid
895 1064 1000 1102 enim
1041 1063 1259 1109 vobiscum,
1297 1070 1426 1114 patres
1465 1075 1558 1101 con-

227 1127 370 1178 scripti,
408 1127 504 1178 quid
540 1142 630 1166 cum
664 1130 814 1179 populo
850 1131 1035 1168 Romano
1074 1135 1207 1167 actum
1239 1130 1329 1167 est?
1368 1126 1456 1178 quis
1488 1140 1557 1166 vos

225 1194 422 1243 appellare
450 1200 593 1243 potest,
619 1193 707 1243 quis
735 1207 776 1232 se
802 1207 825 1232 a
853 1193 965 1232 vobis
995 1194 1125 1232 dicere
1154 1194 1396 1243 deceptum?
1435 1191 1558 1230 hostis

224 1273 274 1297 an
305 1258 429 1297 civis?
468 1258 571 1297 hosti
601 1259 698 1297 nihil
729 1258 1009 1310 spopondistis,
1046 1259 1172 1297 civem
1207 1257 1406 1296 neminem
1437 1271 1555 1307 spon—

170 1328 206 1364 17
226 1325 319 1363 dere
340 1338 410 1374 pro
431 1323 543 1362 vobis
564 1323 739 1362 iussistis.
799 1323 895 1362 nihil
916 1337 1008 1374 ergo
1028 1323 1140 1362 vobis
1161 1336 1234 1362 nec
1255 1322 1462 1361 nobiscum
1486 1330 1557 1370 est,

227 1388 371 1439 quibus
400 1388 498 1427 nihil
528 1388 755 1435 mandastis,
779 1402 852 1427 nec
882 1402 972 1427 cum
1004 1387 1257 1435 Samnitibus,
1290 1401 1381 1426 cum
1412 1386 1556 1437 quibus

170 1449 207 1479 ¹8
227 1453 323 1492 nihil
362 1453 505 1504 egistis.
564 1453 807 1492 Samnitibus
847 1467 1057 1504 sponsores
1096 1466 1168 1492 nos
1203 1466 1339 1491 sumus
1378 1452 1431 1491 rei
1464 1451 1556 1490 satis

227 1520 443 1570 locupletes
474 1518 513 1557 in
544 1518 595 1566 id,
628 1519 737 1569 quod
767 1527 945 1558 nostrum
976 1526 1045 1565 est,
1075 1518 1114 1556 in
1145 1518 1197 1565 id,
1221 1519 1331 1568 quod
1361 1525 1557 1567 praestare

226 1597 448 1634 possumus,
471 1597 636 1634 corpora
665 1591 798 1623 nostra
826 1591 865 1622 et
893 1583 1074 1622 animos:
1106 1583 1146 1621 in
1175 1584 1273 1621 haec
1302 1582 1488 1629 saeviant,
1516 1582 1555 1620 in

226 1650 324 1688 haec
345 1650 499 1697 ferrum,
524 1649 562 1687 in
584 1651 682 1688 haec
703 1649 777 1688 iras
797 1657 951 1688 acuant.
1011 1649 1121 1699 quod
1141 1649 1192 1687 ad
1206 1647 1385 1687 tribunos
1405 1647 1556 1695 attinet,

168 1717 207 1751 ¹9
226 1714 430 1763 consulite,
453 1722 584 1753 utrum
614 1728 799 1765 praesens
829 1713 980 1753 deditio
1008 1726 1145 1752 eorum
1172 1712 1255 1752 fieri
1287 1712 1412 1763 possit
1438 1727 1487 1751 an
1515 1712 1554 1751 in

225 1779 332 1818 diem
353 1779 551 1819 differatur
572 1794 579 1825 ;
608 1793 681 1818 nos
708 1779 875 1826 interim,
897 1781 943 1817 T.
966 1778 1106 1817 Veturi
1133 1791 1282 1828 vosque
1307 1777 1437 1824 ceteri,
1466 1777 1556 1816 vilia

226 1845 323 1883 haec
353 1845 481 1896 capita
510 1846 680 1884 luendae
710 1844 915 1896 sponsioni
945 1846 1114 1883 feramus
1145 1851 1183 1882 et
1203 1851 1338 1882 nostro
1360 1842 1556 1893 supplicio

159 1912 207 1940 10
226 1909 437 1949 liberemus
469 1912 653 1949 Romana
680 1911 813 1948 arma.’
872 1909 994 1948 movit
1024 1917 1152 1960 patres
1184 1907 1428 1958 conscriptos
1463 1922 1554 1946 cum

141 1964 150 1972 ’
227 1989 345 2014 causa
376 1983 459 2014 tum
491 1983 628 2015 auctor
660 1989 734 2014 nec
765 1982 916 2014 ceteros
948 1976 1077 2013 solum
1117 1975 1187 2013 sed
1226 1973 1404 2012 tribunos
1437 1972 1552 2012 etiam

191 2045 207 2066 ²
228 2040 371 2090 plebei,
392 2048 434 2079 ut
455 2054 496 2079 se
518 2041 556 2079 in
578 2048 736 2079 senatus
757 2040 934 2079 dicerent
962 2041 1042 2078 fore
1063 2045 1270 2089 potestate.
1328 2037 1554 2089 magistratu

228 2106 320 2144 inde
354 2119 395 2144 se
430 2108 627 2156 extemplo
659 2105 943 2144 abdicaverunt
982 2104 1193 2155 traditique
1232 2102 1428 2143 fetialibus
1463 2116 1553 2142 cum

224 2169 361 2209 ceteris
393 2170 591 2210 Caudium
622 2169 808 2209 ducendi.
865 2171 941 2208 hoc
971 2176 1129 2208 senatus
1157 2169 1339 2207 consulto
1365 2169 1469 2206 facto
1489 2169 1554 2206 lux

188 2237 207 2268 3
225 2235 420 2285 quaedam
442 2234 649 2273 adfulsisse
670 2233 816 2273 civitati
837 2233 918 2272 visa
938 2241 1007 2272 est.
1068 2233 1296 2272 Postumius
1318 2232 1357 2271 in
1379 2246 1446 2272 ore
1459 2239 1550 2280 erat,

225 2313 315 2339 eum
339 2299 523 2338 laudibus
550 2300 600 2338 ad
624 2301 777 2338 caelum
805 2299 992 2344 ferebant,
1022 2297 1225 2337 devotioni
1255 2300 1298 2336 P.
1315 2297 1431 2337 Decii
1462 2310 1553 2336 con-

183 2369 207 2402 4
225 2365 330 2413 sulis,
352 2364 436 2403 aliis
457 2364 569 2403 claris
590 2363 829 2403 facinoribus
849 2364 1073 2413 aequabant
1090 2379 1096 2402 :
1128 2363 1332 2402 emersisse
1353 2361 1550 2401 civitatem
