1747 2620
370 127 438 163 AB
471 124 620 162 VRBE
651 123 907 161 CONDITA
939 123 1039 159 LIB.
1075 122 1143 158 IX.
1178 122 1254 157 6-8

155 242 306 286 perunt,
323 234 602 283 extemploque
616 231 700 270 sine
715 232 792 270 ulla
812 230 971 280 publica
991 229 1221 268 auctoritate
1242 240 1479 267 consensum

155 300 194 338 in
215 312 375 338 omnem
396 299 562 337 formam
584 299 711 336 luctus
732 303 801 335 est.
846 296 1033 334 tabernae
1049 294 1152 333 circa
1171 295 1298 332 forum
1313 294 1479 338 clausae,
1502 293 1520 322 S

155 364 424 414 iustitiumque
459 363 498 401 in
526 364 610 401 foro
645 376 715 401 sua
745 368 886 411 sponte
920 368 1105 410 coeptum
1141 359 1246 409 prius
1281 371 1399 408 quam
1429 356 1485 394 in·

155 429 306 468 dictum
321 444 330 477 ς
374 429 441 466 lati
480 428 593 476 clavi,
630 427 737 466 anuli
781 426 888 465 aurei
936 424 1081 476 positi,
1127 437 1253 474 paene
1300 422 1485 461 maestior
1502 437 1522 468 9

156 494 327 533 exercitu
358 493 445 544 ipso
476 492 611 531 civitas
641 505 727 531 esse
747 504 821 529 nec
843 489 1011 529 ducibus
1033 490 1160 527 solum
1181 495 1300 538 atque
1321 486 1486 525 auctori-

159 561 231 598 bus
263 558 600 610 sponsoribusque
617 557 724 607 pacis
749 555 859 594 irasci
886 556 955 596 sed
983 553 1163 592 innoxios
1194 552 1310 591 etiam
1344 551 1485 590 milites

158 624 289 664 odisse
309 632 347 662 et
367 637 508 674 negare
529 623 625 661 urbe
653 622 814 661 tectisve
843 620 1109 670 accipiendos.
1167 631 1285 668 quam
1317 616 1486 655 concita·
1506 638 1544 659 10

157 690 305 729 tionem
345 689 566 727 animorum
605 687 716 737 fregit
763 688 956 725 adventus
995 685 1186 723 exercitus
1225 682 1342 721 etiam
1382 681 1486 720 iratis

159 754 399 794 miserabilis.
460 767 540 792 non
561 752 665 791 enim
692 759 893 801 tamquam
924 750 963 787 in
991 748 1154 799 patriam
1182 754 1419 787 revertentes
1440 759 1486 784 ex

158 821 357 870 insperato
378 819 608 864 incolumes,
630 818 700 856 sed
727 824 931 866 captorum
957 814 1094 852 babitu
1115 815 1304 863 vultuque
1326 811 1486 862 ingressi

159 899 246 924 sero
266 885 306 923 in
328 885 477 931 urbem,
504 883 557 921 ita
587 896 627 921 se
657 884 695 920 in
727 881 806 920 suis
836 880 1003 931 quisque
1034 879 1145 918 tectis
1172 878 1421 924 abdiderunt,
1445 884 1487 915 ut
1509 894 1542 915 11

160 958 318 1001 postero
338 957 457 999 atque
478 947 777 998 insequentibus
798 946 938 985 diebus
969 957 1088 983 nemo
1115 957 1252 982 eorum
1273 943 1399 981 forum
1421 950 1487 980 aut

159 1015 362 1066 publicum
390 1014 592 1064 adspicere
622 1014 747 1051 vellet.
807 1012 989 1050 consules
1010 1010 1049 1047 in
1074 1009 1224 1059 privato
1244 1007 1369 1046 abditi
1390 1006 1487 1044 nihil
1509 1022 1544 1045 12

160 1094 230 1131 pro
251 1079 477 1130 magistratu
497 1077 718 1129 agere,-nisi
740 1078 848 1127 quod
875 1089 1101 1126 expressum
1129 1081 1286 1113 senatus
1307 1074 1488 1111 consulto

161 1154 230 1192 est,
254 1154 296 1184 ut
316 1145 549 1184 dictatorem
577 1143 752 1182 dicerent
783 1141 1030 1180 comitiorum
1060 1153 1187 1179 causa.
1248 1141 1296 1188 Q.
1322 1138 1486 1176 Fabium
1509 1157 1546 1188 13

162 1212 403 1249 Ambustum
451 1209 632 1248 dixerunt
675 1216 712 1247 et
752 1211 793 1246 P.
844 1207 1001 1246 Aelium
1048 1208 1211 1244 Paetum
1262 1204 1488 1255 magistrum

162 1276 365 1326 equitum3
394 1275 537 1326 quibus
568 1274 661 1313 vitio
690 1273 828 1312 creatis
859 1272 1008 1311 suffecti
1044 1273 1101 1310 M.
1133 1270 1324 1309 Aemilius
1360 1272 1489 1319 Papus
1513 1284 1549 1314 14

162 1341 340 1388 dictator,
374 1342 417 1379 L.
450 1339 628 1378 Valerius
662 1340 827 1376 Flaccus
862 1337 1044 1387 magister
1071 1335 1261 1386 equitum.
1320 1348 1394 1373 nec
1424 1348 1491 1384 per

163 1421 230 1446 eos
262 1406 422 1446 comitia
454 1405 587 1444 habita
606 1420 615 1452 3
655 1412 693 1442 et
728 1404 819 1454 quia
858 1403 1043 1442 taedebat
1081 1402 1273 1452 populum
1312 1399 1490 1439 omnium

164 1472 459 1522 magistratuum
475 1471 558 1509 eius
572 1469 676 1516 anni,
696 1482 754 1507 res
768 1470 819 1507 ad
832 1468 1096 1517 interregnum
1114 1465 1239 1505 rediit.
1281 1464 1491 1514 interreges
1514 1477 1549 1507 15

165 1540 214 1587 Q.
258 1536 403 1575 Fabius
444 1534 657 1582 Maximus,
697 1535 753 1572 M.
794 1532 973 1572 Valerius
1014 1533 1177 1571 Corvus.
1236 1530 1267 1568 is
1309 1531 1492 1568 consules

165 1603 309 1642 creavit
351 1604 399 1651 Q.
436 1600 647 1639 Publilium
689 1599 898 1637 Philonem
937 1598 1090 1636 tertium
1130 1604 1168 1635 et
1208 1597 1253 1635 L.
1294 1594 1491 1645 Papirium

167 1670 378 1709 Cursorem
400 1667 540 1705 iterum
562 1666 668 1704 haud
690 1664 814 1703 dubio
844 1676 1039 1702 consensu
1068 1661 1245 1707 civitatis,
1267 1661 1376 1710 quod
1397 1658 1493 1697 nulli

166 1749 212 1774 ea
231 1740 465 1784 tempestate
486 1733 606 1770 duces
628 1731 808 1769 clariores
830 1735 971 1767 essent.

221 1802 314 1850 Quo
344 1797 461 1837 creati
492 1804 582 1835 sunt
611 1796 687 1843 die,
716 1794 875 1834 eo—sic
903 1793 1008 1832 enim
1039 1794 1238 1843 placuerat
1264 1790 1494 1842 patribus—
1514 1790 1537 1826 8

168 1864 435 1915 magistratum
457 1861 638 1908 inierunt,
661 1860 998 1908 sollemnibusque
1025 1865 1183 1895 senatus
1205 1855 1393 1894 consultis
1415 1869 1497 1905 per-

168 1929 279 1968 fectis
301 1930 351 1967 de
372 1941 469 1978 pace
486 1926 668 1966 Caudina
681 1926 912 1963 rettulerunt
928 1937 938 1970 3
967 1930 1005 1961 et
1020 1921 1223 1969 Publilius,
1238 1934 1358 1971 penes
1376 1934 1494 1971 quem
1516 1932 1531 1954 2

168 1996 293 2033 fasces
323 2000 443 2039 erant,
477 1991 576 2038 ‘dic‚
606 1992 669 2040 Sp.
703 1988 881 2028 Postumi
896 1989 914 2035 ²,
938 1986 1076 2037 inquit.
1126 1986 1193 2036 qui
1223 1985 1289 2024 ubi
1321 1986 1496 2032 surrexit,

170 2060 313 2098 eodem
343 2058 409 2095 illo
438 2057 559 2103 vultu,
582 2068 662 2104 quo
693 2054 766 2092 sub
797 2053 930 2102 iugum
962 2051 1102 2089 missus
1130 2058 1225 2098 erat,
1257 2054 1265 2070 ‘
1282 2052 1388 2089 haud
1409 2064 1496 2089 sum
1520 2058 1536 2087 3

171 2125 348 2175 ignarus'
377 2121 515 2171 inquit,
548 2121 766 2166 ‘consules‚
798 2117 1048 2168 ignominiae,
1075 2129 1156 2155 non
1191 2115 1351 2154 honoris
1381 2129 1498 2154 causa

172 2202 236 2227 me
274 2187 444 2238 primum
483 2185 695 2225 excitatum
729 2183 959 2233 iussumque
997 2181 1140 2229 dicere,
1175 2194 1256 2220 non
1296 2189 1498 2231 tamquam

172 2261 405 2300 senatorem,
450 2252 520 2290 sed
568 2258 770 2299 tamquam
809 2261 918 2287 reum
958 2261 1036 2297 qua
1074 2246 1238 2285 infelicis
1278 2246 1382 2293 belli,
1423 2260 1501 2296 qua

173 2317 459 2370 ignominiosae
493 2315 610 2367 pacis.
670 2328 743 2364 ego
777 2322 921 2361 tamen,
958 2313 1119 2362 quando
1153 2325 1283 2362 neque
1314 2313 1364 2351 de
1398 2324 1499 2349 noxa
1519 2327 1539 2356 4

173 2392 306 2424 nostra
335 2396 464 2434 neque
493 2383 543 2420 de
573 2393 701 2432 poena
729 2379 943 2426 rettulistis,
963 2377 1108 2417 omissa
1135 2376 1380 2425 defensione,
1401 2390 1502 2428 quae
1530 2417 1537 2420 ,
