1747 2620
823 105 869 142 T.
903 105 1020 143 LIVI

257 221 279 245 a
308 210 451 258 pedite,
485 224 703 260 numquam
729 219 863 262 aperta
891 212 988 261 acie,
1023 227 1242 263 numquam
1271 213 1417 263 aequis,
1452 213 1588 263 utique

202 279 240 311 16
257 287 475 324 numquam
523 277 665 314 nostris
712 276 808 315 locis
856 277 1121 317 laboravimus
1136 294 1147 327 3
1198 280 1373 330 equitem
1416 278 1586 329 sagittas,

258 340 377 378 saltus
402 340 614 390 impeditos
640 341 727 381 avia
755 343 1043 382 commeatibus
1070 345 1158 382 loca
1184 343 1308 394 gravis
1333 344 1450 382 armis
1475 344 1588 381 miles

200 419 238 453 17
258 403 394 443 timere
432 413 584 455 potest:
630 406 736 446 mille
774 407 877 447 acies
921 408 1115 458 graviores
1155 422 1273 459 quarn
1315 410 1587 448 Macedonum

256 476 375 520 atque
413 472 626 511 Alexandri
664 473 801 512 avertit
840 481 1080 524 avertetque‚
1124 475 1245 512 modo
1286 473 1334 512 sit
1373 481 1586 524 perpetuus

257 535 384 584 huius,
407 550 485 586 qua
505 537 682 585 vivimus,
705 538 812 589 pacis
832 552 943 577 amor
966 547 1003 578 et
1024 538 1148 578 civilis
1169 552 1262 577 cura
1283 539 1530 578 concordiae.

182 610 238 638 20
314 603 369 639 M.
402 602 534 641 Folius
562 604 746 642 Flaccina
772 603 865 642 inde
896 611 934 642 et
962 606 1008 643 L.
1039 603 1215 642 Plautius
1236 606 1377 643 Venox
1405 605 1587 643 consules

219 685 235 707 2
257 666 358 704 facti.
432 681 479 706 eo
518 681 624 706 anno
662 669 714 707 ab
752 669 1024 719 frequentibus
1064 668 1301 708 Samnitium
1341 669 1497 720 populis
1536 671 1586 709 de

255 731 414 770 foedere
441 734 670 772 renovando
697 733 812 783 legati
842 748 933 773 curn
961 742 1140 773 senatum
1170 735 1281 773 humi
1311 735 1418 774 strati
1448 735 1587 774 mOvis-

255 805 350 844 sent,
402 797 534 837 reiecti
581 800 632 838 ad
681 801 871 850 populum
921 801 1230 851 haudquaquam
1280 807 1359 839 tam
1408 801 1586 839 efficaces

218 863 454 905 ghabebant
486 878 632 914 preces.
703 865 835 916 itaque
874 867 924 904 de
958 867 1118 905 foedere
1157 873 1368 916 negatum3
1410 865 1586 904 indutiae

255 928 416 976 biennii,
441 942 531 967 cum
557 944 624 980 per
648 930 798 981 aliquot
828 930 912 969 dies
940 930 1166 981 fatigassent
1191 930 1365 981 singulos
1390 930 1587 981 precibus,

216 1004 235 1034 4
256 992 494 1044 impetratae.
555 1002 592 1033 et
620 1009 665 1033 ex
692 995 837 1045 Apulia
867 997 1094 1035 Teanenses
1126 994 1397 1045 Canusinique
1426 996 1587 1046 popula-

255 1058 428 1098 tionibus
462 1060 551 1098 fessi
583 1060 790 1099 obsidibus
824 1063 866 1099 L.
904 1061 1060 1099 Plautio
1095 1059 1247 1100 consuli
1282 1060 1383 1099 datis
1408 1060 1447 1098 in
1479 1059 1587 1100 dedi-

255 1124 404 1163 tionem
427 1133 627 1164 venerunt.

217 1206 234 1237 5
310 1191 464 1229 Eodem
498 1204 604 1229 anno
644 1191 813 1241 primum
853 1192 1038 1242 praefecti
1079 1193 1257 1242 Capuam
1297 1192 1416 1230 creari
1455 1191 1585 1241 coepti

253 1254 405 1305 legibus
434 1256 485 1294 ab
514 1258 556 1294 L.
582 1256 699 1294 Furio
726 1265 904 1307 praetore
922 1257 1034 1304 datis,
1058 1270 1149 1295 cum
1180 1265 1390 1308 utrumque
1420 1256 1493 1308 ipsi
1514 1271 1585 1308 pro

215 1331 234 1363 6
253 1320 429 1359 remedio
449 1321 572 1371 aegris
603 1322 718 1360 rebus
746 1322 942 1361 discordia
970 1322 1156 1361 intestina
1175 1322 1366 1373 petissent
1383 1338 1394 1371 3
1423 1330 1460 1362 et
1482 1324 1585 1362 duae

255 1386 408 1424 Romae
428 1386 586 1425 additae
608 1386 741 1434 tribus,
766 1387 958 1427 Ufentina
977 1401 1022 1426 ac
1044 1388 1220 1426 Falerna.

217 1468 233 1502 7
307 1450 511 1490 Inclinatis
545 1453 666 1490 semel
696 1452 736 1490 in
766 1454 911 1503 Apulia
944 1453 1061 1491 rebus
1091 1455 1236 1491 Teates
1271 1466 1431 1503 quoque
1464 1454 1583 1503 Apuli

251 1518 301 1555 ad
334 1531 458 1556 novos
493 1519 687 1566 consules,
724 1519 768 1558 C.
808 1518 968 1556 Iunium
1002 1518 1238 1565 Bubulcum,
1282 1520 1330 1567 Q.
1367 1518 1583 1557 Aemilium

254 1582 477 1629 Barbulam,
526 1583 666 1621 foedus
708 1582 875 1633 petitum
918 1590 1120 1629 venerunt,
1163 1582 1270 1632 pacis
1311 1596 1380 1633 per
1422 1596 1583 1622 omnem

215 1646 437 1696 SApuliam
472 1648 730 1696 praestandae
768 1648 917 1697 populo
957 1648 1142 1686 Romano
1181 1655 1371 1686 auctores.
1440 1648 1481 1687 id
1519 1660 1583 1687 au-

252 1713 385 1750 dacter
411 1713 648 1761 spondendo
676 1712 944 1762 impetravere,
975 1720 1017 1750 ut
1047 1714 1187 1751 foedus
1210 1714 1367 1752 daretur
1388 1727 1519 1764 neque
1540 1722 1583 1753 ut

251 1790 380 1827 aequo
397 1784 529 1815 tamen
543 1778 712 1825 foedere,
729 1779 798 1816 sed
813 1785 855 1816 ut
869 1777 908 1815 in
923 1777 1080 1816 dicione
1097 1778 1233 1828 populi
1250 1779 1422 1817 Romani
1437 1788 1580 1818 essent.

213 1854 232 1885 9
252 1841 396 1892 Apulia
425 1844 817 1892 perdomita—nam
850 1845 1021 1882 Forento
1052 1857 1224 1893 quoque,
1256 1843 1388 1883 valido
1417 1844 1579 1895 oppido,

253 1907 390 1945 Iunius
412 1906 557 1957 potitus
579 1907 756 1946 erat—in
778 1910 961 1947 Lucanos
982 1916 1201 1958 perrectum
1217 1924 1227 1957 ,·
1262 1910 1355 1948 inde
1375 1910 1582 1960 repentino

149 1968 158 1976 '
194 1986 232 2007 10
250 1973 424 2010 adventu
446 1972 606 2011 Aemilii
628 1973 801 2011 consulis
823 1975 1016 2012 Nerulum
1037 1974 1074 2012 vi
1098 1982 1269 2024 captum.
1312 1982 1349 2013 et
1370 1982 1581 2025 postquam

250 2051 310 2076 res
343 2039 505 2088 Capuae
537 2038 726 2076 stabilitas
761 2041 943 2077 Romana
975 2039 1183 2089 disciplina
1216 2040 1320 2077 fama
1353 2052 1422 2089 per
1453 2039 1581 2078 socios

250 2102 432 2153 vulgavit,
455 2102 682 2141 Antiatibus
714 2117 885 2153 quoque,
908 2103 975 2153 qui
996 2118 1037 2142 se
1065 2104 1149 2143 sine
1170 2104 1320 2154 legibus
1348 2104 1473 2152 certis,
1497 2105 1581 2144 sine

250 2167 539 2218 magistratibus
579 2181 693 2218 agere
725 2168 1000 2218 querebantur,
1043 2168 1124 2207 dati
1156 2169 1206 2207 ab
1240 2176 1378 2208 senatu
1412 2171 1463 2208 ad
1497 2169 1580 2209 iura

250 2234 459 2271 statuenda
480 2232 600 2283 ipsius
628 2232 807 2271 coloniae
828 2234 980 2283 patroni
998 2250 1004 2271 :
1035 2248 1108 2272 nec
1128 2248 1236 2272 arma
1264 2235 1386 2274 modo
1407 2236 1476 2274 sed
1498 2236 1580 2273 iura

250 2300 366 2337 etiam
391 2300 573 2337 Romana
593 2300 669 2336 late
690 2299 904 2348 pollebant.

188 2374 230 2402 21
305 2365 349 2403 C.
389 2363 525 2402 Iunius
558 2364 760 2402 Bubulcus
795 2371 833 2402 et
869 2366 915 2412 Q.
952 2364 1142 2403 Aemilius
1184 2365 1353 2403 Barbula
1392 2366 1574 2404 consules
