1747 2620
338 133 408 170 AB
438 131 588 168 VRBE
618 129 875 169 CONDITA
907 128 1010 164 LIB.
1043 127 1111 164 IX.
1148 137 1205 173 17,
1233 126 1279 162 18

144 241 412 281 intolerantior
433 240 513 278 fuit.
571 238 638 289 qui
655 237 686 276 si
707 251 754 276 ex
773 236 910 275 habitu
938 249 1062 274 novae
1084 236 1262 273 fortunae
1287 233 1469 281 novique,
1493 242 1507 263 2

145 314 186 345 ut
210 306 263 344 ita
293 305 432 352 dicam,
463 303 619 354 ingenii,
649 303 758 353 quod
788 301 862 340 sibi
889 300 1012 339 victor
1039 300 1229 346 induerat,
1260 304 1470 349 spectetur,
1492 310 1510 340 3

145 372 276 409 Dareo
297 369 419 419 magis
440 367 576 407 similis
597 380 716 418 quam
743 366 970 405 Alexandro
997 364 1036 403 in
1067 364 1222 403 Italiam
1243 363 1414 402 venisset
1434 369 1472 400 et

144 435 355 475 exercitum
391 432 655 472 Macedoniae
689 431 856 471 oblitum
891 432 1276 481 degenerantemque
1315 428 1392 467 iarn
1432 426 1472 465 in

146 503 349 539 Persarum
382 512 508 537 mores
543 497 781 537 adduxisset.
851 497 991 534 referre
1026 494 1065 532 in
1100 501 1210 532 tanto
1245 506 1333 543 rege
1368 491 1512 542 piget4

145 565 354 616 superbam
377 564 637 603 mutationem
658 561 775 602 vestis
803 568 841 600 et
865 560 1105 600 desideratas
1129 558 1240 597 humi
1261 557 1473 596 iacentium

144 630 401 677 adulationes,
452 628 569 668 etiam
618 627 728 666 victis
782 624 1073 665 Macedonibus
1130 636 1275 674 graves,
1325 623 1473 660 nedum

145 695 368 742 victoribus,
410 702 448 733 et
486 694 600 733 foeda
640 691 831 743 supplicia
869 698 907 730 et
945 690 1045 729 inter
1083 688 1216 727 vinum
1257 695 1295 726 et
1340 688 1475 737 epulas

145 761 287 800 caedes
310 761 527 798 amicorum
548 766 586 798 et
606 759 820 797 vanitatem
848 755 1124 795 ementiendae
1149 752 1288 804 stirpis.
1348 751 1444 802 quid
1461 753 1477 789 ?
1496 763 1513 794 5

146 825 176 863 si
202 824 282 863 vini
309 838 419 863 amor
448 824 488 862 in
515 824 599 863 dies
625 824 733 862 fieret
760 820 1080 871 acrior,--quid?
1122 819 1153 858 si
1183 826 1270 857 trux
1295 830 1341 856 ac
1370 829 1477 867 prae-

146 889 293 929 fervida
312 889 497 929 ira—nec
518 889 732 940 quicquam
752 887 917 927 dubium
940 886 1040 925 inter
1058 884 1264 935 scriptores
1285 884 1474 929 refero-,

146 957 305 995 nullane
335 957 432 995 haec
466 957 613 994 damna
647 952 905 1005 imperatoriis
936 951 1143 990 virtutibus
1177 948 1389 988 ducimus?
1436 947 1513 986 id6

147 1035 238 1061 vero
259 1023 475 1072 periculum
497 1029 588 1067 erat,
612 1021 721 1070 quod
748 1018 935 1058 levissimi
956 1031 1002 1056 ex
1030 1016 1201 1063 Graecis,
1226 1014 1293 1065 qui
1319 1015 1478 1052 Partho-

148 1101 233 1125 rum
282 1101 440 1138 quoque
488 1093 636 1125 contra
672 1098 819 1124 nomen
868 1085 1095 1122 Romanum
1147 1080 1292 1132 gloriae
1334 1080 1475 1125 favent,

149 1151 327 1191 dictitare
362 1153 500 1198 solent,
535 1165 584 1189 ne
620 1149 863 1188 maiestatem
895 1146 1066 1186 nominis
1099 1144 1322 1191 Alexandri,
1359 1157 1477 1194 quern

149 1231 198 1256 ne
226 1217 328 1255 sama
358 1217 519 1267 quidem
550 1216 622 1254 illis
654 1222 791 1254 notum
822 1213 986 1252 arbitror
1014 1211 1144 1259 fuisse,
1177 1209 1367 1249 sustinere
1398 1221 1515 1254 non7

149 1282 318 1332 potuerit
347 1283 516 1332 populus
548 1283 764 1326 Romanus,
799 1286 837 1317 et
866 1280 1051 1318 adversus
1081 1290 1200 1327 quern
1230 1274 1409 1322 Athenis,
1439 1273 1479 1312 in

149 1346 303 1385 civitate
338 1348 458 1385 fracta
494 1347 764 1384 Macedonum
798 1343 925 1390 armis,
960 1349 1164 1382 cernentes
1197 1348 1280 1379 turn
1311 1338 1479 1378 maxime

149 1425 271 1463 prope
287 1413 483 1450 fumantes
504 1411 733 1449 Thebarum
754 1409 886 1447 ruinas
907 1406 1127 1447 contionari
1148 1406 1270 1445 libere
1284 1404 1368 1443 ausi
1389 1411 1480 1442 sunt

149 1479 340 1525 homines,
363 1477 403 1516 id
425 1478 533 1528 quod
554 1489 600 1515 ex
620 1474 889 1514 monumentis
910 1473 1132 1512 orationum
1153 1478 1271 1522 patet,
1294 1471 1481 1509 adversus

151 1558 241 1583 eum
279 1557 398 1583 nemo
437 1557 483 1582 ex
525 1549 583 1581 tot
628 1540 853 1592 proceribus
900 1538 1092 1578 Romanis
1131 1550 1270 1576 vocem
1317 1535 1481 1574 liberam

152 1609 339 1648 missurus
359 1608 490 1646 fuerit!

207 1673 463 1724 Quantalibet
481 1671 711 1722 magnitudo
728 1669 899 1708 hominis
917 1667 1162 1718 concipiatur
1181 1666 1315 1704 animo
1330 1680 1340 1713 3
1365 1664 1480 1703 unius
1501 1670 1518 1701 8

153 1748 283 1778 tamen
302 1753 347 1778 ea
368 1738 598 1788 magnitudo
619 1735 790 1774 hominis
812 1734 893 1781 erit,
912 1735 1078 1772 collecta
1098 1733 1216 1783 paulo
1237 1732 1324 1781 plus
1341 1731 1480 1768 decem

152 1818 346 1843 annorum
374 1804 558 1842 felicitate
574 1817 583 1850 3
617 1815 737 1852 quam
762 1800 830 1850 qui
860 1813 908 1838 eo
938 1800 1141 1845 extollunt,
1175 1797 1283 1847 quod
1312 1796 1481 1846 populus
1501 1801 1520 1832 9

155 1872 372 1917 Romanus,
399 1869 471 1908 etsi
498 1869 607 1907 nullo
628 1867 744 1913 bello,
775 1865 907 1904 multis
932 1871 1065 1903 tamen
1092 1861 1249 1913 proeliis
1270 1860 1396 1899 victus
1421 1859 1481 1906 sit,

155 1937 380 1974 Alexandro
405 1934 549 1973 nullius
578 1947 732 1985 pugnae
762 1946 843 1971 non
872 1932 1049 1985 secunda
1070 1932 1227 1968 fortuna
1254 1927 1378 1974 fuerit,
1403 1939 1483 1964 non

154 2001 386 2051 intellegunt
407 2014 448 2039 se
468 1999 640 2038 hominis
660 2012 719 2038 res
741 2005 879 2047 gestas,
898 2004 936 2035 et
956 1996 1039 2035 eius
1060 1994 1223 2041 iuvenis,
1241 2006 1331 2031 cum
1348 1991 1485 2042 populi

155 2066 233 2104 iam
266 2064 698 2115 quadringentesimum
735 2061 917 2102 bellantis
956 2074 1105 2099 annum
1144 2059 1261 2098 rebus
1295 2059 1482 2096 conferre.

158 2131 352 2178 miremur,
387 2129 429 2178 si,
463 2143 553 2168 cum
586 2143 632 2168 ex
665 2130 739 2166 hac
770 2135 878 2178 parte
908 2128 1062 2165 saecula
1092 2127 1202 2176 plura
1231 2130 1486 2162 numerentur
1508 2135 1546 2156 10

157 2211 276 2248 quam
302 2211 348 2243 ex
375 2195 440 2234 illa
465 2194 569 2242 anni,
593 2196 680 2245 plus
701 2193 740 2231 in
762 2200 842 2232 tam
868 2194 987 2242 longo
1008 2190 1134 2241 spatio
1159 2203 1278 2240 quam
1299 2188 1339 2226 in
1359 2195 1487 2227 aetate

157 2261 346 2301 tredecim
381 2274 575 2299 annorum
615 2261 772 2298 fortuna
805 2256 1037 2296 variaverit?
1108 2256 1202 2306 quin
1238 2262 1279 2292 tu
1315 2252 1486 2292 hominis
1509 2261 1543 2283 11

158 2342 249 2367 cum
279 2327 440 2366 homine
465 2334 503 2365 et
531 2325 641 2364 ducis
672 2338 763 2363 cum
790 2325 892 2362 duce
923 2324 1118 2361 fortunam
1150 2321 1334 2359 confers?
1391 2326 1487 2369 quot
1512 2329 1544 2351 12

160 2396 364 2432 Romanos
385 2393 506 2431 duces
523 2390 737 2437 nominem,
756 2390 899 2439 quibus
920 2400 1138 2437 numquam
1155 2387 1317 2425 adversa
1334 2386 1487 2422 fortuna
