1747 2620
358 127 427 164 AB
459 126 607 163 VRBE
639 125 897 165 CONDITA
928 126 1032 164 LIB.
1065 127 1134 163 IX.
1169 128 1297 173 44-46

170 239 305 286 lesque
338 235 458 273 ambo
492 235 542 271 ad
579 246 724 271 novum
758 233 921 282 profecti
955 234 1101 271 bellum
1135 240 1319 282 quattuor
1346 232 1451 270 milia
1476 246 1498 270 a

171 300 305 340 castris
326 299 498 338 hostium
527 299 802 337 consederunt.
863 300 1093 347 Aequorum
1125 298 1326 344 exercitus,
1359 305 1401 336 ut
1430 297 1498 347 qui
1520 314 1557 336 10

171 379 242 404 suo
270 364 431 403 nomine
455 365 670 414 permultos
691 376 816 401 annos
838 362 1018 401 imbelles
1039 362 1220 412 egissent,
1244 362 1498 400 tumultuario

170 430 317 477 similis,
345 429 429 468 sine
459 428 627 468 ducibus
656 428 781 474 certis,
812 427 896 466 sine
929 427 1105 478 imperi0‚
1136 428 1341 477 trepidare.
1400 427 1498 466 alius
1518 441 1553 464 11

169 495 394 534 exeundum
416 495 455 532 in
475 494 613 542 aciem,
635 493 699 532 alii
721 500 846 532 castra
871 493 1018 531 tuenda
1046 500 1234 541 censent3
1265 500 1396 531 movet
1417 494 1498 542 ple-

169 574 311 611 rosque
343 560 507 599 vastatio
543 561 671 598 futura
701 572 882 609 agrorum
913 571 959 596 ac
991 557 1179 607 deinceps
1219 570 1309 595 cum
1348 558 1500 596 levibus

169 625 371 676 praesidiis
393 624 549 663 urbium
570 624 791 663 relictarum
813 623 964 662 excidia
983 637 992 670 3
1021 622 1153 672 itaque
1174 629 1385 672 postquam
1402 621 1501 659 inter
1521 639 1556 660 12

171 693 314 729 multas
344 690 558 729 sententias
588 703 677 736 una,
711 702 812 739 quae
842 688 987 726 omissa
1016 701 1109 725 cura
1142 686 1414 726 communium
1449 687 1500 724 ad

170 763 391 806 respectum
424 768 580 793 suarum
617 767 815 804 quemque
854 767 981 792 rerum
1014 752 1136 799 vertit,
1179 760 1237 791 est
1274 753 1420 798 audita,
1461 759 1503 789 ut
1523 765 1561 795 13

171 820 296 871 prima
325 820 453 870 vigilia
483 818 624 858 diversi
654 832 675 857 e
708 818 842 874 castris
872 819 921 856 ad
952 818 1199 867 deportanda
1228 817 1362 855 omnia
1395 823 1503 854 tuen-

172 887 322 935 dasque
361 885 570 923 moenibus
609 884 725 922 urbes
763 883 928 930 abirent,
969 882 1101 921 cuncti
1140 895 1227 920 eam
1267 880 1503 920 sententiam

173 950 321 1001 ingenti
341 951 513 989 adsensu
534 962 733 999 accepere.
792 947 931 998 palatis
953 947 1134 986 hostibus
1156 960 1225 997 per
1244 960 1356 997 agros
1378 946 1504 996 prima
1524 959 1561 989 14

173 1018 261 1054 luce
283 1014 455 1054 Romani
476 1014 594 1065 signis
616 1013 775 1064 prolatis
801 1014 840 1051 in
867 1013 951 1052 acie
978 1012 1202 1051 consistunt
1223 1020 1272 1059 et,
1296 1012 1364 1050 ubi
1385 1025 1504 1050 nemo

174 1080 313 1120 obvius
335 1080 426 1127 ibat,
450 1081 568 1129 pleno
594 1080 718 1129 gradu
746 1079 797 1117 ad
822 1085 947 1116 castra
971 1077 1145 1116 hostium
1166 1078 1344 1116 tendunt.
1405 1083 1505 1115 cete·
1526 1090 1561 1121 15

175 1159 261 1184 rum
282 1153 493 1195 postquam
514 1144 568 1182 ibi
589 1157 718 1194 neque
740 1143 927 1182 stationes
949 1156 1019 1193 pro
1040 1143 1160 1193 portis
1176 1156 1248 1181 nec
1263 1155 1503 1192 quemquam

176 1211 215 1249 in
246 1212 347 1249 vallo
378 1223 450 1249 nec
480 1209 678 1248 fremitum
709 1216 943 1247 consuetum
973 1215 1189 1247 castrorum
1224 1207 1505 1246 animadverte-

175 1284 276 1323 runt,
318 1275 477 1314 insolito
517 1274 672 1313 silentio
712 1274 808 1313 moti
848 1281 956 1313 metu
1002 1273 1233 1312 insidiarum
1274 1272 1502 1311 subsistunt.

176 1341 402 1391 transgressi
433 1340 578 1379 deinde
608 1342 753 1378 vallum
784 1353 874 1378 cum
905 1341 1059 1379 deserta
1089 1339 1222 1378 onmia
1251 1339 1502 1385 invenissent,
1527 1338 1565 1369 16

176 1413 343 1458 pergunt
363 1407 518 1444 hostem
539 1405 709 1455 vestigiis
731 1404 853 1455 sequi.
901 1406 970 1444 sed
985 1404 1146 1454 vestigia
1161 1404 1201 1442 in
1223 1417 1361 1442 omnes
1381 1416 1507 1453 aeque

177 1471 340 1511 ferentia
359 1478 498 1521 partes,
522 1478 564 1509 ut
593 1470 633 1508 in
663 1470 823 1520 dilapsis
853 1469 1010 1519 passim,
1043 1469 1168 1520 prima
1197 1482 1366 1508 errorem
1397 1468 1509 1507 facie-

179 1538 295 1583 bant3
326 1543 415 1586 post
439 1548 508 1585 per
532 1536 795 1585 exploratores
820 1534 1032 1585 compertis
1063 1534 1236 1573 hostium
1264 1532 1437 1572 consiliis
1457 1534 1508 1571 ad
1531 1544 1566 1578 17

179 1601 350 1651 singulas
371 1600 487 1639 urbes
508 1599 822 1638 circumferendo
849 1600 955 1637 bello
982 1612 1106 1637 unum
1128 1606 1166 1637 et
1186 1598 1342 1649 triginta
1363 1597 1510 1648 oppida

179 1667 279 1704 intra
309 1665 392 1705 dies
422 1664 708 1715 quinquaginta
734 1664 867 1702 onmia
895 1665 1164 1714 oppugnando
1194 1670 1393 1713 ceperunt,
1417 1675 1512 1712 quo-

180 1745 266 1770 rum
296 1732 483 1781 pleraque
512 1729 641 1768 diruta
669 1737 788 1779 atque
818 1728 989 1775 incensa,
1021 1741 1249 1778 nomenque
1279 1730 1510 1777 Aequorum

181 1809 303 1847 prope
323 1797 374 1834 ad
395 1794 705 1833 internecionem
727 1796 912 1833 deletum.
973 1795 1023 1832 de
1036 1794 1186 1844 Aequis
1200 1794 1485 1843 triumphatum
1501 1809 1511 1841 3
1533 1797 1570 1828 18

181 1862 443 1911 exemploque
459 1873 596 1899 eorum
613 1861 744 1898 clades
766 1859 847 1907 fuit,
867 1866 909 1897 ut
928 1859 1152 1906 Marrucini,
1170 1858 1303 1905 Marsi,
1323 1858 1510 1908 Paeligni,

183 1925 367 1965 Frentani
401 1925 597 1964 mitterent
634 1927 806 1963 Romam
839 1931 1010 1963 oratores
1049 1923 1156 1973 pacis
1188 1925 1383 1974 petendae
1421 1923 1514 1962 ami—

183 1991 388 2040 citiaeque.
448 1989 507 2028 his
528 1989 684 2040 populis
706 1990 846 2028 foedus
867 1989 1091 2038 petentibus
1113 1990 1260 2027 datum.

239 2056 394 2094 Eodem
423 2067 528 2093 anno
558 2055 633 2094 Cn.
665 2053 820 2092 Flavius
850 2053 990 2101 scriba,
1020 2061 1128 2103 patre
1157 2053 1340 2092 libertino
1372 2053 1512 2092 humili
1528 2047 1591 2099 46

185 2123 342 2159 fortuna
380 2126 497 2166 ortus,
539 2126 713 2157 ceterum
753 2117 917 2157 callidus
955 2118 1012 2156 vir
1053 2125 1091 2157 et
1129 2119 1334 2165 facundus,
1374 2118 1513 2157 aedilis

186 2185 329 2224 curulis
363 2184 445 2223 fuit.
503 2183 661 2222 invenio
690 2182 730 2221 in
760 2183 998 2233 quibusdam
1027 2182 1246 2230 annalibus,
1279 2196 1370 2221 curn
1399 2196 1515 2233 appa-
1536 2197 1550 2218 2

188 2257 288 2290 reret
317 2248 510 2288 aedilibus
540 2247 702 2298 fierique
731 2261 773 2286 se
802 2261 872 2298 pro
900 2247 1003 2287 tribu
1023 2247 1194 2287 aedilem
1214 2247 1365 2287 videret
1385 2261 1516 2298 neque

188 2313 313 2365 accipi
342 2327 500 2360 nomen,
533 2312 625 2363 quia
654 2312 841 2363 scriptum
871 2314 1025 2360 faceret,
1063 2313 1237 2351 tabulam
1269 2314 1448 2362 posuisse
1479 2321 1517 2352 et

189 2380 336 2419 iurasse
368 2392 409 2417 se
444 2378 631 2428 scriptum
666 2391 747 2417 non
782 2379 974 2417 fac-turum
989 2393 1000 2426 3
1040 2391 1159 2428 quern
1189 2378 1393 2428 aliquanto
1426 2385 1517 2417 ante
1537 2389 1554 2418 3

191 2444 340 2484 desisse
361 2443 547 2494 scriptum
569 2444 696 2481 facere
715 2442 840 2493 arguit
855 2444 991 2481 Macer
1012 2442 1186 2481 Licinius
1207 2443 1406 2481 tribunatu
1427 2449 1517 2481 ante
