1747 2620
674 582 733 630 T.
796 582 958 629 LIVI

324 733 446 786 AB
514 733 783 786 VRBE
851 729 1317 785 CONDITA

697 905 868 943 LIBER
899 905 958 942 IX

214 1026 425 1071 SEQVrrVR
456 1027 562 1064 hunc
590 1039 739 1063 annum
770 1024 913 1063 nobilis
943 1025 1054 1062 clade
1092 1025 1277 1062 Romana
1309 1021 1489 1062 Caudina
1508 1046 1523 1074 1

161 1106 236 1142 pax
255 1094 300 1130 T.
324 1093 488 1130 Veturio
509 1090 675 1131 Calvino
698 1092 763 1141 Sp.
787 1089 992 1129 Postumio
1010 1088 1250 1128 consulibus.
1294 1087 1489 1127 Samnites
1511 1119 1526 1141 2

161 1172 209 1196 eo
238 1171 344 1196 anno
372 1157 647 1207 imperatorem
670 1157 716 1196 C.
739 1155 936 1203 Pontium,
965 1154 1159 1193 Herennii
1187 1153 1321 1200 filium,
1344 1153 1487 1191 habue-

162 1231 262 1270 runt,
304 1230 412 1273 patre
451 1224 567 1272 longe
610 1220 917 1272 prudentissimo
962 1227 1110 1267 natum,
1152 1218 1322 1269 primum
1361 1219 1490 1268 ipsum

162 1290 394 1327 bellatorem
415 1289 650 1338 ducemque.
710 1287 752 1334 is,
780 1286 849 1325 ubi
873 1286 999 1336 legati,
1023 1285 1090 1336 qui
1120 1286 1171 1324 ad
1199 1285 1404 1324 dedendas
1432 1297 1491 1323 res
1511 1305 1531 1337 3

163 1353 270 1393 missi
291 1361 410 1400 erant,
434 1367 530 1404 pace
559 1352 704 1392 infecta
733 1351 941 1399 redierunt,
967 1355 1039 1390 ‘ne
1065 1350 1162 1389 nihil
1191 1352 1345 1389 actum⁷
1365 1349 1493 1400 inquit

164 1421 263 1458 ‘hac
283 1419 477 1470 legatione
505 1418 708 1465 censeatis,
731 1417 930 1468 expiatum
955 1424 1014 1456 est
1040 1416 1235 1467 quidquid
1260 1430 1307 1455 ex
1334 1417 1491 1455 foedere

162 1492 277 1534 rupto
311 1483 453 1522 irarum
488 1483 527 1521 in
562 1497 634 1522 nos
668 1482 897 1521 caelestium
936 1481 1019 1520 fuit.
1079 1481 1171 1520 satis
1204 1481 1299 1529 scio,
1333 1480 1533 1533 quibus-4

163 1563 334 1600 cumque
354 1549 414 1588 dis
445 1548 554 1588 cordi
584 1548 655 1586 fuit
685 1547 812 1598 subigi
842 1561 914 1587 nos
943 1549 994 1587 ad
1022 1547 1297 1586 necessitatem
1318 1546 1492 1586 dedendi

164 1628 235 1662 res,
270 1628 371 1665 quae
402 1615 453 1652 ab
487 1613 602 1652 nobis
637 1627 684 1652 ex
719 1614 876 1652 foedere
910 1613 1097 1663 repetitae
1132 1614 1295 1660 fuerant,
1332 1611 1378 1650 iis
1412 1625 1493 1650 non

164 1679 284 1718 fuisse
303 1678 412 1718 cordi
433 1686 513 1717 tam
541 1678 709 1729 superbe
734 1678 784 1717 ab
813 1677 1005 1716 Romanis
1032 1677 1201 1717 foederis
1229 1676 1490 1728 expiationem

165 1752 346 1795 spretam.
406 1743 503 1794 quid
535 1742 641 1782 enim
676 1744 776 1781 ultra
807 1742 889 1781 fieri
924 1743 975 1781 ad
1009 1743 1226 1793 placandos
1258 1743 1354 1781 deos
1394 1741 1493 1779 miti-
1514 1759 1532 1791 5

165 1811 396 1860 gandosque
429 1807 612 1847 homines
646 1808 787 1858 potuit,
821 1820 940 1857 quam
971 1809 1080 1858 quod
1107 1821 1179 1846 nos
1209 1807 1404 1846 fecimus?
1433 1820 1493 1846 res

166 1875 338 1913 hostium
358 1873 399 1912 in
420 1874 565 1924 praeda
585 1880 729 1923 captas,
754 1886 856 1923 quae
870 1872 961 1911 belli
978 1872 1060 1911 iure
1074 1880 1230 1911 nostrae
1245 1872 1492 1919 videbantur,
1527 1889 1530 1892 ⁴

166 1939 415 1987 remisimus3
451 1946 631 1978 auctores
662 1938 764 1985 belli,
797 1938 890 1989 quia
918 1938 1027 1977 vivos
1057 1952 1138 1977 non
1167 1937 1379 1989 potuimus,
1412 1949 1533 1988 per-6

168 2007 323 2044 functos
362 2005 440 2043 iam
479 2006 559 2042 fato
597 2004 824 2043 dedidimus
843 2019 853 2051 3
893 2004 999 2043 bona
1037 2017 1183 2051 eorum,
1225 2018 1275 2042 ne
1313 2005 1409 2054 quid
1448 2018 1494 2042 ex

168 2069 403 2120 contagione
424 2082 549 2108 noxae
569 2075 786 2107 remaneret
806 2081 927 2118 penes
951 2082 1035 2116 nos,
1052 2070 1223 2107 Romam
1240 2068 1492 2119 portavimus.

168 2134 265 2185 quid
296 2135 396 2172 ultra
429 2133 514 2181 tibi,
546 2135 738 2180 Romane,
773 2132 869 2183 quid
908 2132 1068 2181 foederi,
1109 2132 1206 2184 quid
1244 2132 1304 2172 dis
1342 2133 1535 2185 arbitrisq

169 2199 336 2239 foederis
366 2199 527 2238 debeo?
556 2211 675 2248 quem
706 2198 776 2237 tibi
806 2206 960 2237 tuarum
985 2198 1137 2246 irarum,
1170 2212 1289 2249 quem
1318 2212 1495 2238 meorum

169 2263 450 2315 suppliciorum
490 2262 661 2302 iudicem
700 2264 851 2302 feram?
897 2263 1097 2302 neminem
1136 2277 1266 2314 neque
1305 2265 1496 2314 populum

169 2342 300 2380 neque
319 2329 513 2379 privatum
533 2328 650 2378 fugio.
709 2329 818 2379 quod
847 2328 878 2367 si
908 2329 1005 2368 nihil
1035 2343 1124 2368 cum
1155 2328 1377 2380 potentiore
1406 2328 1498 2367 iuris
1518 2336 1537 2373 ’3

171 2393 334 2433 humani
364 2392 594 2444 relinquitur
624 2392 744 2444 inopi,
775 2401 815 2432 at
844 2407 917 2444 ego
945 2395 997 2433 ad
1027 2395 1123 2433 deos
1153 2393 1328 2433 vindices
1363 2394 1498 2432 intole-

1357 2465 1377 2489 B
1396 2467 1410 2490 2
