<?xml version="1.0" encoding="UTF-8"?>
<!DOCTYPE html PUBLIC "-//W3C//DTD XHTML 1.0 Transitional//EN"
    "http://www.w3.org/TR/xhtml1/DTD/xhtml1-transitional.dtd">
<html xmlns="http://www.w3.org/1999/xhtml" xml:lang="en" lang="en">
 <head>
  <title>
</title>
<meta http-equiv="Content-Type" content="text/html;charset=utf-8" />
  <meta name='ocr-system' content='tesseract 3.04.00' />
  <meta name='ocr-capabilities' content='ocr_page ocr_carea ocr_par ocr_line ocrx_word'/>
</head>
<body>
  <div class='ocr_page' id='page_1' title='image "./aburbeconditalib00livyuoft_0043.png"; bbox 0 0 1747 2620; ppageno 0'>
   <div class='ocr_carea' id='block_1_1' title="bbox 338 121 1286 165">
    <p class='ocr_par' dir='ltr' id='par_1_1' title="bbox 338 121 1286 165">
     <span class='ocr_line' id='line_1_1' title="bbox 338 121 1286 165; baseline -0.008 -2"><span class='ocrx_word' id='word_1_1' title='bbox 338 127 408 164; x_wconf 89' lang='lat' dir='ltr'>AB</span> <span class='ocrx_word' id='word_1_2' title='bbox 438 124 587 161; x_wconf 88' lang='lat' dir='ltr'><strong>VRBE</strong></span> <span class='ocrx_word' id='word_1_3' title='bbox 618 122 876 162; x_wconf 84' lang='lat' dir='ltr'>CONDITA</span> <span class='ocrx_word' id='word_1_4' title='bbox 906 121 1008 157; x_wconf 88' lang='lat' dir='ltr'>LIB.</span> <span class='ocrx_word' id='word_1_5' title='bbox 1043 121 1112 158; x_wconf 87' lang='lat' dir='ltr'>IX.</span> <span class='ocrx_word' id='word_1_6' title='bbox 1150 121 1208 165; x_wconf 88' lang='lat'>16,</span> <span class='ocrx_word' id='word_1_7' title='bbox 1244 130 1286 165; x_wconf 93' lang='lat'>17</span> 
     </span>
    </p>
   </div>
   <div class='ocr_carea' id='block_1_2' title="bbox 155 225 1553 2421">
    <p class='ocr_par' dir='ltr' id='par_1_2' title="bbox 155 225 1546 921">
     <span class='ocr_line' id='line_1_2' title="bbox 156 225 1541 282; baseline -0.009 -9"><span class='ocrx_word' id='word_1_8' title='bbox 156 233 430 272; x_wconf 87' lang='lat' dir='ltr'>Praenestinus</span> <span class='ocrx_word' id='word_1_9' title='bbox 451 239 605 282; x_wconf 86' lang='lat' dir='ltr'>praetor</span> <span class='ocrx_word' id='word_1_10' title='bbox 624 243 692 281; x_wconf 91' lang='lat' dir='ltr'>per</span> <span class='ocrx_word' id='word_1_11' title='bbox 713 229 893 268; x_wconf 88' lang='lat' dir='ltr'>timorem</span> <span class='ocrx_word' id='word_1_12' title='bbox 919 227 1074 278; x_wconf 84' lang='lat' dir='ltr'>segnius</span> <span class='ocrx_word' id='word_1_13' title='bbox 1101 240 1147 266; x_wconf 88' lang='lat' dir='ltr'>ex</span> <span class='ocrx_word' id='word_1_14' title='bbox 1175 225 1359 265; x_wconf 82' lang='lat' dir='ltr'>subsidiis</span> <span class='ocrx_word' id='word_1_15' title='bbox 1390 236 1481 262; x_wconf 83' lang='lat' dir='ltr'>suos</span> <span class='ocrx_word' id='word_1_16' title='bbox 1505 234 1541 267; x_wconf 76' lang='lat'>17</span> 
     </span>
     <span class='ocr_line' id='line_1_3' title="bbox 155 292 1483 347; baseline -0.007 -10"><span class='ocrx_word' id='word_1_17' title='bbox 155 301 317 338; x_wconf 88' lang='lat' dir='ltr'>duxerat</span> <span class='ocrx_word' id='word_1_18' title='bbox 350 297 388 335; x_wconf 93' lang='lat' dir='ltr'>in</span> <span class='ocrx_word' id='word_1_19' title='bbox 420 297 586 347; x_wconf 83' lang='lat' dir='ltr'>primam</span> <span class='ocrx_word' id='word_1_20' title='bbox 624 295 778 343; x_wconf 83' lang='lat' dir='ltr'>aciem3</span> <span class='ocrx_word' id='word_1_21' title='bbox 818 307 936 344; x_wconf 91' lang='lat' dir='ltr'>quem</span> <span class='ocrx_word' id='word_1_22' title='bbox 975 307 1065 332; x_wconf 89' lang='lat' dir='ltr'>cum</span> <span class='ocrx_word' id='word_1_23' title='bbox 1105 292 1355 331; x_wconf 82' lang='lat' dir='ltr'>inambulans</span> <span class='ocrx_word' id='word_1_24' title='bbox 1392 296 1483 328; x_wconf 86' lang='lat' dir='ltr'>ante</span> 
     </span>
     <span class='ocr_line' id='line_1_4' title="bbox 155 356 1483 408; baseline -0.007 -6"><span class='ocrx_word' id='word_1_25' title='bbox 155 364 452 402; x_wconf 87' lang='lat' dir='ltr'>tabernaculum</span> <span class='ocrx_word' id='word_1_26' title='bbox 486 360 617 400; x_wconf 88' lang='lat' dir='ltr'>vocari</span> <span class='ocrx_word' id='word_1_27' title='bbox 655 359 840 406; x_wconf 88' lang='lat' dir='ltr'>iussisset,</span> <span class='ocrx_word' id='word_1_28' title='bbox 873 358 1051 397; x_wconf 91' lang='lat' dir='ltr'>lictorem</span> <span class='ocrx_word' id='word_1_29' title='bbox 1085 356 1268 408; x_wconf 86' lang='lat' dir='ltr'>expedire</span> <span class='ocrx_word' id='word_1_30' title='bbox 1307 368 1483 395; x_wconf 82' lang='lat' dir='ltr'>securem</span> 
     </span>
     <span class='ocr_line' id='line_1_5' title="bbox 155 421 1543 477; baseline -0.006 -11"><span class='ocrx_word' id='word_1_31' title='bbox 155 427 277 475; x_wconf 89' lang='lat' dir='ltr'>iussit,</span> <span class='ocrx_word' id='word_1_32' title='bbox 307 428 359 466; x_wconf 87' lang='lat' dir='ltr'>ad</span> <span class='ocrx_word' id='word_1_33' title='bbox 386 440 504 477; x_wconf 90' lang='lat' dir='ltr'>quam</span> <span class='ocrx_word' id='word_1_34' title='bbox 534 438 672 465; x_wconf 89' lang='lat' dir='ltr'>vocem</span> <span class='ocrx_word' id='word_1_35' title='bbox 703 423 871 463; x_wconf 84' lang='lat' dir='ltr'>exanimi</span> <span class='ocrx_word' id='word_1_36' title='bbox 901 430 1029 462; x_wconf 85' lang='lat' dir='ltr'>stante</span> <span class='ocrx_word' id='word_1_37' title='bbox 1059 421 1338 460; x_wconf 89' lang='lat' dir='ltr'>Praenestino:</span> <span class='ocrx_word' id='word_1_38' title='bbox 1380 424 1485 470; x_wconf 85' lang='lat' dir='ltr'>‘age-</span> <span class='ocrx_word' id='word_1_39' title='bbox 1507 421 1543 450; x_wconf 78' lang='lat'>18</span> 
     </span>
     <span class='ocr_line' id='line_1_6' title="bbox 157 486 1485 540; baseline -0.006 -9"><span class='ocrx_word' id='word_1_40' title='bbox 157 494 264 539; x_wconf 87' lang='lat' dir='ltr'>dum,</span> <span class='ocrx_word' id='word_1_41' title='bbox 305 492 427 539; x_wconf 87' lang='lat' dir='ltr'>lictor,</span> <span class='ocrx_word' id='word_1_42' title='bbox 464 491 600 531; x_wconf 81' lang='lat' dir='ltr'>excide</span> <span class='ocrx_word' id='word_1_43' title='bbox 635 491 812 540; x_wconf 52' lang='lat' dir='ltr'>radicem⁴</span> <span class='ocrx_word' id='word_1_44' title='bbox 839 490 964 527; x_wconf 88' lang='lat' dir='ltr'>hanc&#39;</span> <span class='ocrx_word' id='word_1_45' title='bbox 999 487 1126 538; x_wconf 88' lang='lat' dir='ltr'>inquit</span> <span class='ocrx_word' id='word_1_46' title='bbox 1167 486 1485 525; x_wconf 79' lang='lat' dir='ltr'>‘incommodam</span> 
     </span>
     <span class='ocr_line' id='line_1_7' title="bbox 156 551 1487 606; baseline -0.007 -10"><span class='ocrx_word' id='word_1_47' title='bbox 156 556 473 596; x_wconf 85' lang='lat' dir='ltr'>ambulantibus&#39;</span> <span class='ocrx_word' id='word_1_48' title='bbox 512 556 793 606; x_wconf 88' lang='lat' dir='ltr'>perfusumque</span> <span class='ocrx_word' id='word_1_49' title='bbox 831 552 957 592; x_wconf 89' lang='lat' dir='ltr'>ultimi</span> <span class='ocrx_word' id='word_1_50' title='bbox 997 551 1177 603; x_wconf 86' lang='lat' dir='ltr'>supplicii</span> <span class='ocrx_word' id='word_1_51' title='bbox 1216 558 1324 590; x_wconf 86' lang='lat' dir='ltr'>metu</span> <span class='ocrx_word' id='word_1_52' title='bbox 1365 552 1487 588; x_wconf 90' lang='lat' dir='ltr'>multa</span> 
     </span>
     <span class='ocr_line' id='line_1_8' title="bbox 157 615 1546 667; baseline -0.006 -7"><span class='ocrx_word' id='word_1_53' title='bbox 157 623 263 661; x_wconf 89' lang='lat' dir='ltr'>dicta</span> <span class='ocrx_word' id='word_1_54' title='bbox 291 621 452 660; x_wconf 84' lang='lat' dir='ltr'>dimisit.</span> <span class='ocrx_word' id='word_1_55' title='bbox 510 621 617 659; x_wconf 91' lang='lat' dir='ltr'>haud</span> <span class='ocrx_word' id='word_1_56' title='bbox 646 619 767 659; x_wconf 89' lang='lat' dir='ltr'>dubie</span> <span class='ocrx_word' id='word_1_57' title='bbox 797 618 861 656; x_wconf 90' lang='lat' dir='ltr'>illa</span> <span class='ocrx_word' id='word_1_58' title='bbox 890 625 1030 665; x_wconf 85' lang='lat' dir='ltr'>aetate,</span> <span class='ocrx_word' id='word_1_59' title='bbox 1059 630 1138 667; x_wconf 85' lang='lat' dir='ltr'>qua</span> <span class='ocrx_word' id='word_1_60' title='bbox 1167 617 1274 654; x_wconf 88' lang='lat' dir='ltr'>nulla</span> <span class='ocrx_word' id='word_1_61' title='bbox 1301 615 1487 653; x_wconf 90' lang='lat' dir='ltr'>virtutum</span> <span class='ocrx_word' id='word_1_62' title='bbox 1510 631 1546 662; x_wconf 80' lang='lat'>19</span> 
     </span>
     <span class='ocr_line' id='line_1_9' title="bbox 159 680 1489 734; baseline -0.007 -8"><span class='ocrx_word' id='word_1_63' title='bbox 159 687 321 726; x_wconf 87' lang='lat' dir='ltr'>feracior</span> <span class='ocrx_word' id='word_1_64' title='bbox 360 686 441 734; x_wconf 87' lang='lat' dir='ltr'>fuit,</span> <span class='ocrx_word' id='word_1_65' title='bbox 478 699 596 724; x_wconf 88' lang='lat' dir='ltr'>nemo</span> <span class='ocrx_word' id='word_1_66' title='bbox 631 698 732 723; x_wconf 91' lang='lat' dir='ltr'>unus</span> <span class='ocrx_word' id='word_1_67' title='bbox 766 691 846 723; x_wconf 87' lang='lat' dir='ltr'>erat</span> <span class='ocrx_word' id='word_1_68' title='bbox 877 683 944 730; x_wconf 87' lang='lat' dir='ltr'>vir,</span> <span class='ocrx_word' id='word_1_69' title='bbox 985 696 1064 733; x_wconf 93' lang='lat' dir='ltr'>quo</span> <span class='ocrx_word' id='word_1_70' title='bbox 1097 681 1219 731; x_wconf 81' lang='lat' dir='ltr'>magis</span> <span class='ocrx_word' id='word_1_71' title='bbox 1259 680 1391 719; x_wconf 76' lang='lat' dir='ltr'>innixa</span> <span class='ocrx_word' id='word_1_72' title='bbox 1429 692 1489 718; x_wconf 88' lang='lat' dir='ltr'>res</span> 
     </span>
     <span class='ocr_line' id='line_1_10' title="bbox 162 746 1490 802; baseline -0.007 -10"><span class='ocrx_word' id='word_1_73' title='bbox 162 755 344 792; x_wconf 75' lang='lat' dir='ltr'>Romana</span> <span class='ocrx_word' id='word_1_74' title='bbox 364 759 492 791; x_wconf 86' lang='lat' dir='ltr'>staret.</span> <span class='ocrx_word' id='word_1_75' title='bbox 551 750 647 802; x_wconf 91' lang='lat' dir='ltr'>quin</span> <span class='ocrx_word' id='word_1_76' title='bbox 677 763 768 789; x_wconf 89' lang='lat' dir='ltr'>eum</span> <span class='ocrx_word' id='word_1_77' title='bbox 795 763 928 800; x_wconf 89' lang='lat' dir='ltr'>parem</span> <span class='ocrx_word' id='word_1_78' title='bbox 956 749 1154 787; x_wconf 88' lang='lat' dir='ltr'>destinant</span> <span class='ocrx_word' id='word_1_79' title='bbox 1181 746 1321 785; x_wconf 85' lang='lat' dir='ltr'>animis</span> <span class='ocrx_word' id='word_1_80' title='bbox 1347 759 1490 796; x_wconf 82' lang='lat' dir='ltr'>magno</span> 
     </span>
     <span class='ocr_line' id='line_1_11' title="bbox 160 812 1489 864; baseline -0.007 -7"><span class='ocrx_word' id='word_1_81' title='bbox 160 818 386 857; x_wconf 79' lang='lat' dir='ltr'>Alexandro</span> <span class='ocrx_word' id='word_1_82' title='bbox 420 818 575 863; x_wconf 91' lang='lat' dir='ltr'>ducem,</span> <span class='ocrx_word' id='word_1_83' title='bbox 610 815 640 854; x_wconf 95' lang='lat' dir='ltr'>si</span> <span class='ocrx_word' id='word_1_84' title='bbox 679 827 787 853; x_wconf 85' lang='lat' dir='ltr'>arma</span> <span class='ocrx_word' id='word_1_85' title='bbox 820 813 916 852; x_wconf 89' lang='lat' dir='ltr'>Asia</span> <span class='ocrx_word' id='word_1_86' title='bbox 949 812 1170 864; x_wconf 87' lang='lat' dir='ltr'>perdomita</span> <span class='ocrx_word' id='word_1_87' title='bbox 1209 812 1248 850; x_wconf 87' lang='lat' dir='ltr'>in</span> <span class='ocrx_word' id='word_1_88' title='bbox 1289 813 1489 861; x_wconf 79' lang='lat' dir='ltr'>Europam</span> 
     </span>
     <span class='ocr_line' id='line_1_12' title="bbox 161 882 347 921; baseline -0.005 0"><span class='ocrx_word' id='word_1_89' title='bbox 161 882 347 921; x_wconf 86' lang='lat' dir='ltr'>vertisset.</span> 
     </span>
    </p>

    <p class='ocr_par' dir='ltr' id='par_1_3' title="bbox 164 939 1553 2421">
     <span class='ocr_line' id='line_1_13' title="bbox 217 939 1553 996; baseline -0.004 -10"><span class='ocrx_word' id='word_1_90' title='bbox 217 947 326 986; x_wconf 91' lang='lat' dir='ltr'>Nihil</span> <span class='ocrx_word' id='word_1_91' title='bbox 358 946 488 985; x_wconf 87' lang='lat' dir='ltr'>minus</span> <span class='ocrx_word' id='word_1_92' title='bbox 523 944 745 996; x_wconf 90' lang='lat' dir='ltr'>quaesitum</span> <span class='ocrx_word' id='word_1_93' title='bbox 777 957 801 982; x_wconf 91' lang='lat' dir='ltr'>a</span> <span class='ocrx_word' id='word_1_94' title='bbox 833 942 1026 994; x_wconf 89' lang='lat' dir='ltr'>principio</span> <span class='ocrx_word' id='word_1_95' title='bbox 1058 941 1173 980; x_wconf 88' lang='lat' dir='ltr'>huius</span> <span class='ocrx_word' id='word_1_96' title='bbox 1208 940 1336 992; x_wconf 87' lang='lat' dir='ltr'>operis</span> <span class='ocrx_word' id='word_1_97' title='bbox 1372 939 1493 978; x_wconf 85' lang='lat' dir='ltr'>videri</span> <span class='ocrx_word' id='word_1_98' title='bbox 1514 953 1553 991; x_wconf 86' lang='lat'>17</span> 
     </span>
     <span class='ocr_line' id='line_1_14' title="bbox 164 1005 1493 1063; baseline -0.007 -12"><span class='ocrx_word' id='word_1_99' title='bbox 164 1020 303 1063; x_wconf 91' lang='lat' dir='ltr'>potest,</span> <span class='ocrx_word' id='word_1_100' title='bbox 340 1026 459 1062; x_wconf 92' lang='lat' dir='ltr'>quam</span> <span class='ocrx_word' id='word_1_101' title='bbox 494 1018 536 1050; x_wconf 88' lang='lat' dir='ltr'>ut</span> <span class='ocrx_word' id='word_1_102' title='bbox 567 1012 655 1061; x_wconf 88' lang='lat' dir='ltr'>plus</span> <span class='ocrx_word' id='word_1_103' title='bbox 687 1010 790 1048; x_wconf 89' lang='lat' dir='ltr'>iusto</span> <span class='ocrx_word' id='word_1_104' title='bbox 828 1009 879 1048; x_wconf 91' lang='lat' dir='ltr'>ab</span> <span class='ocrx_word' id='word_1_105' title='bbox 913 1014 1042 1047; x_wconf 78' lang='lat' dir='ltr'>rerum</span> <span class='ocrx_word' id='word_1_106' title='bbox 1077 1008 1215 1046; x_wconf 88' lang='lat' dir='ltr'>ordine</span> <span class='ocrx_word' id='word_1_107' title='bbox 1254 1005 1493 1045; x_wconf 80' lang='lat' dir='ltr'>declinarem</span> 
     </span>
     <span class='ocr_line' id='line_1_15' title="bbox 164 1070 1496 1127; baseline -0.008 -10"><span class='ocrx_word' id='word_1_108' title='bbox 164 1077 495 1127; x_wconf 82' lang='lat' dir='ltr'>varietatibusque</span> <span class='ocrx_word' id='word_1_109' title='bbox 542 1075 823 1126; x_wconf 84' lang='lat' dir='ltr'>distinguendo</span> <span class='ocrx_word' id='word_1_110' title='bbox 871 1087 989 1124; x_wconf 88' lang='lat' dir='ltr'>opere</span> <span class='ocrx_word' id='word_1_111' title='bbox 1037 1080 1074 1111; x_wconf 87' lang='lat' dir='ltr'>et</span> <span class='ocrx_word' id='word_1_112' title='bbox 1121 1070 1342 1122; x_wconf 84' lang='lat' dir='ltr'>legentibus</span> <span class='ocrx_word' id='word_1_113' title='bbox 1390 1071 1496 1108; x_wconf 88' lang='lat' dir='ltr'>velut</span> 
     </span>
     <span class='ocr_line' id='line_1_16' title="bbox 165 1137 1497 1189; baseline -0.008 -7"><span class='ocrx_word' id='word_1_114' title='bbox 165 1142 403 1182; x_wconf 89' lang='lat' dir='ltr'>deverticula</span> <span class='ocrx_word' id='word_1_115' title='bbox 440 1154 608 1181; x_wconf 87' lang='lat' dir='ltr'>amoena</span> <span class='ocrx_word' id='word_1_116' title='bbox 647 1148 685 1179; x_wconf 84' lang='lat' dir='ltr'>et</span> <span class='ocrx_word' id='word_1_117' title='bbox 724 1138 899 1189; x_wconf 88' lang='lat' dir='ltr'>requiem</span> <span class='ocrx_word' id='word_1_118' title='bbox 939 1137 1072 1176; x_wconf 88' lang='lat' dir='ltr'>animo</span> <span class='ocrx_word' id='word_1_119' title='bbox 1113 1149 1202 1175; x_wconf 89' lang='lat' dir='ltr'>meo</span> <span class='ocrx_word' id='word_1_120' title='bbox 1243 1147 1470 1186; x_wconf 81' lang='lat' dir='ltr'>quaererem</span> <span class='ocrx_word' id='word_1_121' title='bbox 1487 1149 1497 1181; x_wconf 79' lang='lat'><em>3</em></span> 
     </span>
     <span class='ocr_line' id='line_1_17' title="bbox 165 1198 1532 1257; baseline -0.008 -10"><span class='ocrx_word' id='word_1_122' title='bbox 165 1217 298 1247; x_wconf 83' lang='lat' dir='ltr'>tamen</span> <span class='ocrx_word' id='word_1_123' title='bbox 334 1207 428 1246; x_wconf 89' lang='lat' dir='ltr'>tanti</span> <span class='ocrx_word' id='word_1_124' title='bbox 470 1206 569 1257; x_wconf 82' lang='lat' dir='ltr'>regis</span> <span class='ocrx_word' id='word_1_125' title='bbox 607 1219 653 1244; x_wconf 87' lang='lat' dir='ltr'>ac</span> <span class='ocrx_word' id='word_1_126' title='bbox 691 1204 803 1244; x_wconf 86' lang='lat' dir='ltr'>ducis</span> <span class='ocrx_word' id='word_1_127' title='bbox 839 1202 999 1251; x_wconf 86' lang='lat' dir='ltr'>mentio,</span> <span class='ocrx_word' id='word_1_128' title='bbox 1033 1201 1176 1252; x_wconf 91' lang='lat' dir='ltr'>quibus</span> <span class='ocrx_word' id='word_1_129' title='bbox 1216 1214 1332 1251; x_wconf 86' lang='lat' dir='ltr'>saepe</span> <span class='ocrx_word' id='word_1_130' title='bbox 1370 1198 1532 1238; x_wconf 87' lang='lat' dir='ltr'>tacitis2</span> 
     </span>
     <span class='ocr_line' id='line_1_18' title="bbox 166 1264 1499 1322; baseline -0.008 -11"><span class='ocrx_word' id='word_1_131' title='bbox 166 1271 471 1322; x_wconf 82' lang='lat' dir='ltr'>cogitationibus</span> <span class='ocrx_word' id='word_1_132' title='bbox 502 1270 673 1309; x_wconf 86' lang='lat' dir='ltr'>volutavi</span> <span class='ocrx_word' id='word_1_133' title='bbox 701 1270 888 1316; x_wconf 82' lang='lat' dir='ltr'>animum,</span> <span class='ocrx_word' id='word_1_134' title='bbox 919 1280 983 1307; x_wconf 89' lang='lat' dir='ltr'>eas</span> <span class='ocrx_word' id='word_1_135' title='bbox 1011 1274 1148 1305; x_wconf 90' lang='lat' dir='ltr'>evocat</span> <span class='ocrx_word' id='word_1_136' title='bbox 1176 1265 1215 1303; x_wconf 89' lang='lat' dir='ltr'>in</span> <span class='ocrx_word' id='word_1_137' title='bbox 1242 1264 1427 1311; x_wconf 88' lang='lat' dir='ltr'>medium,</span> <span class='ocrx_word' id='word_1_138' title='bbox 1456 1270 1499 1301; x_wconf 86' lang='lat' dir='ltr'>ut</span> 
     </span>
     <span class='ocr_line' id='line_1_19' title="bbox 166 1329 1498 1388; baseline -0.008 -11"><span class='ocrx_word' id='word_1_139' title='bbox 166 1351 352 1388; x_wconf 85' lang='lat' dir='ltr'>quaerere</span> <span class='ocrx_word' id='word_1_140' title='bbox 387 1337 516 1384; x_wconf 90' lang='lat' dir='ltr'>libeat,</span> <span class='ocrx_word' id='word_1_141' title='bbox 553 1335 714 1386; x_wconf 87' lang='lat' dir='ltr'>quinam</span> <span class='ocrx_word' id='word_1_142' title='bbox 748 1341 910 1373; x_wconf 83' lang='lat' dir='ltr'>eventus</span> <span class='ocrx_word' id='word_1_143' title='bbox 944 1331 1137 1371; x_wconf 88' lang='lat' dir='ltr'>Romanis</span> <span class='ocrx_word' id='word_1_144' title='bbox 1173 1331 1299 1377; x_wconf 86' lang='lat' dir='ltr'>rebus,</span> <span class='ocrx_word' id='word_1_145' title='bbox 1337 1329 1368 1367; x_wconf 84' lang='lat' dir='ltr'>si</span> <span class='ocrx_word' id='word_1_146' title='bbox 1407 1342 1498 1367; x_wconf 89' lang='lat' dir='ltr'>cum</span> 
     </span>
     <span class='ocr_line' id='line_1_20' title="bbox 167 1394 1536 1447; baseline -0.007 -6"><span class='ocrx_word' id='word_1_147' title='bbox 167 1403 392 1441; x_wconf 77' lang='lat' dir='ltr'>Alexandro</span> <span class='ocrx_word' id='word_1_148' title='bbox 414 1403 512 1440; x_wconf 88' lang='lat' dir='ltr'>foret</span> <span class='ocrx_word' id='word_1_149' title='bbox 534 1402 732 1447; x_wconf 86' lang='lat' dir='ltr'>bellatum,</span> <span class='ocrx_word' id='word_1_150' title='bbox 758 1401 909 1438; x_wconf 89' lang='lat' dir='ltr'>futurus</span> <span class='ocrx_word' id='word_1_151' title='bbox 930 1397 1054 1436; x_wconf 85' lang='lat' dir='ltr'>fuerit.</span> <span class='ocrx_word' id='word_1_152' title='bbox 1099 1396 1311 1447; x_wconf 89' lang='lat' dir='ltr'>plurimum</span> <span class='ocrx_word' id='word_1_153' title='bbox 1334 1394 1372 1432; x_wconf 89' lang='lat' dir='ltr'>in</span> <span class='ocrx_word' id='word_1_154' title='bbox 1394 1395 1500 1432; x_wconf 89' lang='lat' dir='ltr'>bello</span> <span class='ocrx_word' id='word_1_155' title='bbox 1519 1409 1536 1439; x_wconf 82' lang='lat'><strong>3</strong></span> 
     </span>
     <span class='ocr_line' id='line_1_21' title="bbox 168 1459 1503 1518; baseline -0.007 -12"><span class='ocrx_word' id='word_1_156' title='bbox 168 1469 314 1518; x_wconf 87' lang='lat' dir='ltr'>pollere</span> <span class='ocrx_word' id='word_1_157' title='bbox 349 1466 530 1505; x_wconf 83' lang='lat' dir='ltr'>videntur</span> <span class='ocrx_word' id='word_1_158' title='bbox 562 1465 729 1504; x_wconf 90' lang='lat' dir='ltr'>militum</span> <span class='ocrx_word' id='word_1_159' title='bbox 764 1463 879 1513; x_wconf 89' lang='lat' dir='ltr'>copia</span> <span class='ocrx_word' id='word_1_160' title='bbox 913 1470 952 1501; x_wconf 89' lang='lat' dir='ltr'>et</span> <span class='ocrx_word' id='word_1_161' title='bbox 982 1462 1114 1508; x_wconf 85' lang='lat' dir='ltr'>virtus,</span> <span class='ocrx_word' id='word_1_162' title='bbox 1150 1460 1305 1511; x_wconf 85' lang='lat' dir='ltr'>ingenia</span> <span class='ocrx_word' id='word_1_163' title='bbox 1339 1459 1503 1509; x_wconf 89' lang='lat' dir='ltr'>impera-</span> 
     </span>
     <span class='ocr_line' id='line_1_22' title="bbox 170 1523 1501 1582; baseline -0.008 -10"><span class='ocrx_word' id='word_1_164' title='bbox 170 1542 312 1582; x_wconf 80' lang='lat' dir='ltr'>torum,</span> <span class='ocrx_word' id='word_1_165' title='bbox 339 1534 495 1571; x_wconf 86' lang='lat' dir='ltr'>fortuna</span> <span class='ocrx_word' id='word_1_166' title='bbox 524 1545 592 1582; x_wconf 88' lang='lat' dir='ltr'>per</span> <span class='ocrx_word' id='word_1_167' title='bbox 619 1530 752 1569; x_wconf 83' lang='lat' dir='ltr'>omnia</span> <span class='ocrx_word' id='word_1_168' title='bbox 782 1531 966 1576; x_wconf 83' lang='lat' dir='ltr'>humana,</span> <span class='ocrx_word' id='word_1_169' title='bbox 994 1527 1162 1565; x_wconf 85' lang='lat' dir='ltr'>maxime</span> <span class='ocrx_word' id='word_1_170' title='bbox 1193 1526 1233 1564; x_wconf 88' lang='lat' dir='ltr'>in</span> <span class='ocrx_word' id='word_1_171' title='bbox 1260 1538 1319 1564; x_wconf 88' lang='lat' dir='ltr'>res</span> <span class='ocrx_word' id='word_1_172' title='bbox 1340 1523 1501 1563; x_wconf 86' lang='lat' dir='ltr'>bellicas</span> 
     </span>
     <span class='ocr_line' id='line_1_23' title="bbox 170 1588 1540 1649; baseline -0.008 -12"><span class='ocrx_word' id='word_1_173' title='bbox 170 1606 335 1649; x_wconf 89' lang='lat' dir='ltr'>potens:</span> <span class='ocrx_word' id='word_1_174' title='bbox 379 1611 425 1636; x_wconf 91' lang='lat' dir='ltr'>ea</span> <span class='ocrx_word' id='word_1_175' title='bbox 456 1605 494 1635; x_wconf 87' lang='lat' dir='ltr'>et</span> <span class='ocrx_word' id='word_1_176' title='bbox 522 1596 675 1645; x_wconf 84' lang='lat' dir='ltr'>singula</span> <span class='ocrx_word' id='word_1_177' title='bbox 704 1593 872 1632; x_wconf 88' lang='lat' dir='ltr'>intuenti</span> <span class='ocrx_word' id='word_1_178' title='bbox 902 1600 941 1632; x_wconf 90' lang='lat' dir='ltr'>et</span> <span class='ocrx_word' id='word_1_179' title='bbox 972 1592 1163 1639; x_wconf 89' lang='lat' dir='ltr'>universa,</span> <span class='ocrx_word' id='word_1_180' title='bbox 1200 1590 1300 1629; x_wconf 88' lang='lat' dir='ltr'>sicut</span> <span class='ocrx_word' id='word_1_181' title='bbox 1333 1589 1383 1627; x_wconf 91' lang='lat' dir='ltr'>ab</span> <span class='ocrx_word' id='word_1_182' title='bbox 1417 1588 1540 1635; x_wconf 89' lang='lat' dir='ltr'>aliis4</span> 
     </span>
     <span class='ocr_line' id='line_1_24' title="bbox 171 1657 1503 1714; baseline -0.008 -12"><span class='ocrx_word' id='word_1_183' title='bbox 171 1663 326 1714; x_wconf 84' lang='lat' dir='ltr'>regibus</span> <span class='ocrx_word' id='word_1_184' title='bbox 359 1662 632 1712; x_wconf 85' lang='lat' dir='ltr'>gentibusque,</span> <span class='ocrx_word' id='word_1_185' title='bbox 670 1660 723 1699; x_wconf 88' lang='lat' dir='ltr'>ita</span> <span class='ocrx_word' id='word_1_186' title='bbox 755 1661 806 1698; x_wconf 91' lang='lat' dir='ltr'>ab</span> <span class='ocrx_word' id='word_1_187' title='bbox 845 1661 922 1698; x_wconf 90' lang='lat' dir='ltr'>hoc</span> <span class='ocrx_word' id='word_1_188' title='bbox 961 1671 1120 1709; x_wconf 91' lang='lat' dir='ltr'>quoque</span> <span class='ocrx_word' id='word_1_189' title='bbox 1153 1657 1266 1695; x_wconf 85' lang='lat' dir='ltr'>facile</span> <span class='ocrx_word' id='word_1_190' title='bbox 1305 1661 1503 1706; x_wconf 85' lang='lat' dir='ltr'>praestant</span> 
     </span>
     <span class='ocr_line' id='line_1_25' title="bbox 171 1719 1539 1775; baseline -0.008 -8"><span class='ocrx_word' id='word_1_191' title='bbox 171 1728 361 1766; x_wconf 84' lang='lat' dir='ltr'>invictum</span> <span class='ocrx_word' id='word_1_192' title='bbox 391 1729 619 1766; x_wconf 88' lang='lat' dir='ltr'>Romanum</span> <span class='ocrx_word' id='word_1_193' title='bbox 646 1724 864 1775; x_wconf 88' lang='lat' dir='ltr'>imperium.</span> <span class='ocrx_word' id='word_1_194' title='bbox 923 1724 1000 1762; x_wconf 87' lang='lat' dir='ltr'>iam</span> <span class='ocrx_word' id='word_1_195' title='bbox 1029 1722 1211 1773; x_wconf 89' lang='lat' dir='ltr'>primum,</span> <span class='ocrx_word' id='word_1_196' title='bbox 1241 1728 1283 1759; x_wconf 89' lang='lat' dir='ltr'>ut</span> <span class='ocrx_word' id='word_1_197' title='bbox 1304 1719 1432 1759; x_wconf 89' lang='lat' dir='ltr'>ordiar</span> <span class='ocrx_word' id='word_1_198' title='bbox 1452 1719 1502 1757; x_wconf 88' lang='lat' dir='ltr'>ab</span> <span class='ocrx_word' id='word_1_199' title='bbox 1521 1737 1539 1768; x_wconf 81' lang='lat'>5</span> 
     </span>
     <span class='ocr_line' id='line_1_26' title="bbox 173 1786 1503 1843; baseline -0.007 -11"><span class='ocrx_word' id='word_1_200' title='bbox 173 1793 341 1832; x_wconf 90' lang='lat' dir='ltr'>ducibus</span> <span class='ocrx_word' id='word_1_201' title='bbox 358 1791 645 1843; x_wconf 89' lang='lat' dir='ltr'>comparandis,</span> <span class='ocrx_word' id='word_1_202' title='bbox 668 1791 775 1829; x_wconf 91' lang='lat' dir='ltr'>haud</span> <span class='ocrx_word' id='word_1_203' title='bbox 791 1789 977 1840; x_wconf 90' lang='lat' dir='ltr'>equidem</span> <span class='ocrx_word' id='word_1_204' title='bbox 993 1789 1128 1827; x_wconf 88' lang='lat' dir='ltr'>abnuo</span> <span class='ocrx_word' id='word_1_205' title='bbox 1144 1786 1341 1838; x_wconf 81' lang='lat' dir='ltr'>egregium</span> <span class='ocrx_word' id='word_1_206' title='bbox 1359 1787 1503 1824; x_wconf 91' lang='lat' dir='ltr'>ducem</span> 
     </span>
     <span class='ocr_line' id='line_1_27' title="bbox 174 1850 1506 1905; baseline -0.007 -8"><span class='ocrx_word' id='word_1_207' title='bbox 174 1858 293 1897; x_wconf 88' lang='lat' dir='ltr'>fuisse</span> <span class='ocrx_word' id='word_1_208' title='bbox 322 1858 621 1905; x_wconf 76' lang='lat' dir='ltr'>Alexandrum3</span> <span class='ocrx_word' id='word_1_209' title='bbox 659 1857 730 1895; x_wconf 90' lang='lat' dir='ltr'>sed</span> <span class='ocrx_word' id='word_1_210' title='bbox 757 1854 962 1893; x_wconf 88' lang='lat' dir='ltr'>clariorem</span> <span class='ocrx_word' id='word_1_211' title='bbox 990 1861 1123 1892; x_wconf 86' lang='lat' dir='ltr'>tamen</span> <span class='ocrx_word' id='word_1_212' title='bbox 1151 1865 1242 1891; x_wconf 89' lang='lat' dir='ltr'>eum</span> <span class='ocrx_word' id='word_1_213' title='bbox 1267 1850 1370 1898; x_wconf 90' lang='lat' dir='ltr'>facit,</span> <span class='ocrx_word' id='word_1_214' title='bbox 1397 1850 1506 1900; x_wconf 93' lang='lat' dir='ltr'>quod</span> 
     </span>
     <span class='ocr_line' id='line_1_28' title="bbox 175 1916 1505 1973; baseline -0.007 -11"><span class='ocrx_word' id='word_1_215' title='bbox 175 1937 277 1962; x_wconf 90' lang='lat' dir='ltr'>unus</span> <span class='ocrx_word' id='word_1_216' title='bbox 304 1923 386 1971; x_wconf 90' lang='lat' dir='ltr'>fuit,</span> <span class='ocrx_word' id='word_1_217' title='bbox 417 1923 527 1973; x_wconf 92' lang='lat' dir='ltr'>quod</span> <span class='ocrx_word' id='word_1_218' title='bbox 553 1922 787 1960; x_wconf 83' lang='lat' dir='ltr'>adulescens</span> <span class='ocrx_word' id='word_1_219' title='bbox 814 1919 855 1958; x_wconf 90' lang='lat' dir='ltr'>in</span> <span class='ocrx_word' id='word_1_220' title='bbox 881 1919 1127 1958; x_wconf 87' lang='lat' dir='ltr'>incremento</span> <span class='ocrx_word' id='word_1_221' title='bbox 1154 1930 1294 1964; x_wconf 88' lang='lat' dir='ltr'>rerum,</span> <span class='ocrx_word' id='word_1_222' title='bbox 1324 1916 1505 1955; x_wconf 91' lang='lat' dir='ltr'>nondum</span> 
     </span>
     <span class='ocr_line' id='line_1_29' title="bbox 176 1982 1543 2037; baseline -0.006 -11"><span class='ocrx_word' id='word_1_223' title='bbox 176 1989 338 2027; x_wconf 88' lang='lat' dir='ltr'>alteram</span> <span class='ocrx_word' id='word_1_224' title='bbox 358 1989 555 2026; x_wconf 88' lang='lat' dir='ltr'>fortunam</span> <span class='ocrx_word' id='word_1_225' title='bbox 582 1993 779 2037; x_wconf 85' lang='lat' dir='ltr'>expertus,</span> <span class='ocrx_word' id='word_1_226' title='bbox 812 1984 992 2023; x_wconf 87' lang='lat' dir='ltr'>decessit.</span> <span class='ocrx_word' id='word_1_227' title='bbox 1052 1991 1094 2021; x_wconf 88' lang='lat' dir='ltr'>ut</span> <span class='ocrx_word' id='word_1_228' title='bbox 1119 1982 1216 2021; x_wconf 90' lang='lat' dir='ltr'>alios</span> <span class='ocrx_word' id='word_1_229' title='bbox 1244 1995 1352 2032; x_wconf 85' lang='lat' dir='ltr'>reges</span> <span class='ocrx_word' id='word_1_230' title='bbox 1379 1982 1504 2020; x_wconf 90' lang='lat' dir='ltr'>claros</span> <span class='ocrx_word' id='word_1_231' title='bbox 1523 1985 1543 2018; x_wconf 94' lang='lat'><strong>6</strong></span> 
     </span>
     <span class='ocr_line' id='line_1_30' title="bbox 178 2049 1505 2104; baseline -0.007 -11"><span class='ocrx_word' id='word_1_232' title='bbox 178 2056 380 2104; x_wconf 88' lang='lat' dir='ltr'>ducesque</span> <span class='ocrx_word' id='word_1_233' title='bbox 413 2053 604 2099; x_wconf 88' lang='lat' dir='ltr'>omittam,</span> <span class='ocrx_word' id='word_1_234' title='bbox 646 2064 788 2101; x_wconf 84' lang='lat' dir='ltr'>magna</span> <span class='ocrx_word' id='word_1_235' title='bbox 821 2051 1000 2100; x_wconf 83' lang='lat' dir='ltr'>exempla</span> <span class='ocrx_word' id='word_1_236' title='bbox 1033 2062 1196 2087; x_wconf 88' lang='lat' dir='ltr'>casuum</span> <span class='ocrx_word' id='word_1_237' title='bbox 1227 2049 1505 2091; x_wconf 90' lang='lat' dir='ltr'>humanorum,</span> 
     </span>
     <span class='ocr_line' id='line_1_31' title="bbox 179 2110 1509 2169; baseline -0.007 -11"><span class='ocrx_word' id='word_1_238' title='bbox 179 2121 337 2169; x_wconf 88' lang='lat' dir='ltr'>Cyrum,</span> <span class='ocrx_word' id='word_1_239' title='bbox 366 2131 485 2168; x_wconf 87' lang='lat' dir='ltr'>quem</span> <span class='ocrx_word' id='word_1_240' title='bbox 513 2116 682 2155; x_wconf 83' lang='lat' dir='ltr'>maxime</span> <span class='ocrx_word' id='word_1_241' title='bbox 709 2115 850 2155; x_wconf 79' lang='lat' dir='ltr'>Graeci</span> <span class='ocrx_word' id='word_1_242' title='bbox 877 2114 1060 2153; x_wconf 89' lang='lat' dir='ltr'>laudibus</span> <span class='ocrx_word' id='word_1_243' title='bbox 1085 2113 1297 2160; x_wconf 82' lang='lat' dir='ltr'>celebrant,</span> <span class='ocrx_word' id='word_1_244' title='bbox 1317 2111 1414 2162; x_wconf 89' lang='lat' dir='ltr'>quid</span> <span class='ocrx_word' id='word_1_245' title='bbox 1435 2110 1509 2149; x_wconf 85' lang='lat' dir='ltr'>nisi</span> 
     </span>
     <span class='ocr_line' id='line_1_32' title="bbox 179 2175 1510 2234; baseline -0.007 -11"><span class='ocrx_word' id='word_1_246' title='bbox 179 2186 296 2234; x_wconf 87' lang='lat' dir='ltr'>longa</span> <span class='ocrx_word' id='word_1_247' title='bbox 324 2175 413 2230; x_wconf 37' lang='lat' dir='ltr'>lita,</span> <span class='ocrx_word' id='word_1_248' title='bbox 442 2181 542 2220; x_wconf 86' lang='lat' dir='ltr'>sicut</span> <span class='ocrx_word' id='word_1_249' title='bbox 571 2182 764 2231; x_wconf 85' lang='lat' dir='ltr'>Magnum</span> <span class='ocrx_word' id='word_1_250' title='bbox 791 2181 913 2219; x_wconf 90' lang='lat' dir='ltr'>modo</span> <span class='ocrx_word' id='word_1_251' title='bbox 941 2178 1187 2229; x_wconf 91' lang='lat' dir='ltr'>Pompeium,</span> <span class='ocrx_word' id='word_1_252' title='bbox 1218 2176 1383 2216; x_wconf 91' lang='lat' dir='ltr'>vertenti</span> <span class='ocrx_word' id='word_1_253' title='bbox 1405 2189 1510 2226; x_wconf 89' lang='lat' dir='ltr'>prae-</span> 
     </span>
     <span class='ocr_line' id='line_1_33' title="bbox 180 2246 1548 2290; baseline -0.007 -2"><span class='ocrx_word' id='word_1_254' title='bbox 180 2250 265 2289; x_wconf 88' lang='lat' dir='ltr'>buit</span> <span class='ocrx_word' id='word_1_255' title='bbox 303 2249 514 2288; x_wconf 86' lang='lat' dir='ltr'>fortunae?</span> <span class='ocrx_word' id='word_1_256' title='bbox 570 2259 795 2286; x_wconf 89' lang='lat' dir='ltr'>recenseam</span> <span class='ocrx_word' id='word_1_257' title='bbox 834 2247 955 2284; x_wconf 91' lang='lat' dir='ltr'>duces</span> <span class='ocrx_word' id='word_1_258' title='bbox 1001 2246 1218 2290; x_wconf 86' lang='lat' dir='ltr'>Romanos,</span> <span class='ocrx_word' id='word_1_259' title='bbox 1260 2255 1333 2281; x_wconf 90' lang='lat' dir='ltr'>nec</span> <span class='ocrx_word' id='word_1_260' title='bbox 1371 2254 1509 2280; x_wconf 92' lang='lat' dir='ltr'>omnes</span> <span class='ocrx_word' id='word_1_261' title='bbox 1531 2255 1548 2290; x_wconf 86' lang='lat'><strong><em>7</em></strong></span> 
     </span>
     <span class='ocr_line' id='line_1_34' title="bbox 181 2306 1511 2362; baseline -0.008 -8"><span class='ocrx_word' id='word_1_262' title='bbox 181 2315 359 2354; x_wconf 88' lang='lat' dir='ltr'>omnium</span> <span class='ocrx_word' id='word_1_263' title='bbox 396 2312 595 2360; x_wconf 87' lang='lat' dir='ltr'>aetatium,</span> <span class='ocrx_word' id='word_1_264' title='bbox 627 2313 698 2351; x_wconf 88' lang='lat' dir='ltr'>sed</span> <span class='ocrx_word' id='word_1_265' title='bbox 731 2311 837 2362; x_wconf 83' lang='lat' dir='ltr'>ipsos</span> <span class='ocrx_word' id='word_1_266' title='bbox 867 2325 946 2358; x_wconf 84' lang='lat' dir='ltr'>eos,</span> <span class='ocrx_word' id='word_1_267' title='bbox 977 2323 1069 2349; x_wconf 91' lang='lat' dir='ltr'>cum</span> <span class='ocrx_word' id='word_1_268' title='bbox 1103 2308 1247 2359; x_wconf 90' lang='lat' dir='ltr'>quibus</span> <span class='ocrx_word' id='word_1_269' title='bbox 1282 2306 1511 2346; x_wconf 86' lang='lat' dir='ltr'>consulibus</span> 
     </span>
     <span class='ocr_line' id='line_1_35' title="bbox 182 2371 1547 2421; baseline -0.009 -1"><span class='ocrx_word' id='word_1_270' title='bbox 182 2389 249 2420; x_wconf 87' lang='lat' dir='ltr'>aut</span> <span class='ocrx_word' id='word_1_271' title='bbox 283 2378 539 2420; x_wconf 87' lang='lat' dir='ltr'>dictatoribus</span> <span class='ocrx_word' id='word_1_272' title='bbox 574 2378 798 2416; x_wconf 86' lang='lat' dir='ltr'>Alexandro</span> <span class='ocrx_word' id='word_1_273' title='bbox 830 2376 901 2414; x_wconf 87' lang='lat' dir='ltr'>fuit</span> <span class='ocrx_word' id='word_1_274' title='bbox 936 2376 1177 2421; x_wconf 88' lang='lat' dir='ltr'>bellandum,</span> <span class='ocrx_word' id='word_1_275' title='bbox 1216 2375 1271 2411; x_wconf 84' lang='lat' dir='ltr'>M.</span> <span class='ocrx_word' id='word_1_276' title='bbox 1309 2371 1508 2410; x_wconf 90' lang='lat' dir='ltr'>Valerium</span> <span class='ocrx_word' id='word_1_277' title='bbox 1529 2383 1547 2413; x_wconf 82' lang='lat'>8</span> 
     </span>
    </p>
   </div>
  </div>
 </body>
</html>
