1747 2620
790 95 834 132 T.
868 94 984 131 LIVI

229 203 350 241 immo
371 204 529 241 hercule
556 203 774 253 produntur
801 214 846 240 ea
866 201 998 239 omnia
1019 201 1151 239 deleto
1173 201 1247 238 hoc
1270 199 1449 246 exercitu,
1473 211 1555 237 non

174 278 210 309 ¹3
228 275 439 308 servantur.
498 267 585 317 quis
613 269 717 306 enim
739 280 784 306 ea
811 265 1012 305 tuebitur?
1042 265 1211 304 imbellis
1231 264 1414 304 videlicet
1437 271 1556 314 atque

228 334 386 373 inermis
416 333 640 372 multitudo.
699 341 779 372 tam
808 333 977 379 hercule,
999 344 1119 381 quam
1139 344 1162 369 a
1183 331 1385 370 Gallorum
1406 331 1556 380 impetu

171 413 206 444 14
228 398 416 437 defendit.
456 412 507 436 an
527 398 657 437 aVeis
677 397 889 437 exercitum
906 396 1199 445 Camillumque
1215 396 1358 434 ducem
1379 394 1558 444 implora-

230 465 357 502 bunt?
387 464 450 501 hic
471 476 609 502 omnes
630 476 718 513 spes
740 475 915 513 opesque
936 469 1037 508 sunt,
1061 474 1156 511 quas
1179 461 1371 499 servando
1392 460 1556 509 patriam

229 541 438 575 servamus,
462 529 649 567 dedendo
679 529 729 566 ad
759 541 897 566 necem
926 526 1092 577 patriam
1118 525 1335 565 deserimus
1361 539 1407 564 ac
1427 524 1558 576 prodi—

175 608 209 638 ¹5
229 607 327 632 mus.
389 596 462 632 “at
492 594 607 632 foeda
637 600 755 642 atque
785 591 1048 642 ignominiosa
1077 591 1229 630 deditio
1259 592 1351 629 est.”
1407 592 1477 630 sed
1512 604 1557 629 ea

228 658 366 698 caritas
387 659 534 709 patriae
550 665 619 705 est,
638 666 680 696 ut
701 665 780 696 tarn
798 656 1014 707 ignominia
1030 669 1117 696 eam
1134 669 1254 707 quarn
1271 663 1396 694 morte
1412 662 1556 702 nostra,

171 731 211 763 16
229 724 260 764 si
290 737 389 775 opus
425 724 484 771 sit,
516 736 727 762 servemus.
786 723 971 762 subeatur
1001 735 1093 772 ergo
1122 721 1205 768 ista,
1238 729 1558 771 quantacumque

229 797 298 836 est,
322 789 531 839 indignitas
561 796 599 827 et
629 796 808 838 pareatur
837 787 1071 836 necessitati,
1098 801 1218 838 quam
1248 800 1298 825 ne
1326 786 1366 825 di
1396 785 1557 836 quidem

229 863 424 905 superant.
467 855 529 901 ite,
548 856 741 901 consules,
765 854 944 893 redimite
959 853 1075 892 armis
1096 853 1306 900 civitatem,
1324 865 1443 902 quam
1463 864 1559 889 auro

187 928 211 967 5
231 920 396 958 maiores
412 920 527 958 vestri
548 920 825 958 redemerunt.'
864 920 1046 957 consules
1063 918 1226 968 profecti
1243 919 1294 956 ad
1315 916 1501 955 Pontium
1519 915 1558 954 in

229 985 498 1035 conloquium,
515 998 605 1023 cum
622 986 672 1023 de
689 985 848 1023 foedere
864 984 987 1023 victor
1007 983 1178 1033 agitaret,
1198 990 1388 1033 negarunt
1409 981 1558 1019 iniussu

229 1051 365 1100 populi
395 1051 535 1088 foedus
567 1049 647 1087 fieri
675 1062 791 1099 posse
819 1062 891 1087 nec
917 1048 999 1087 sine
1020 1048 1216 1087 fetialibus
1244 1047 1560 1095 caerimoniaque

192 1127 209 1151 α
230 1115 304 1153 alia
334 1115 525 1153 sollemni.
586 1114 717 1164 itaque
749 1127 840 1160 non,
874 1122 916 1152 ut
946 1115 1063 1163 vulgo
1093 1113 1259 1151 credunt
1290 1110 1560 1160 Claudiusque

230 1179 347 1219 etiam
370 1179 513 1228 scribit,
532 1181 690 1218 foedere
711 1193 785 1229 pax
802 1178 994 1225 Caudina,
1014 1180 1083 1218 sed
1105 1192 1172 1228 per
1189 1177 1443 1228 sponsionem
1460 1177 1561 1214 facta

193 1263 210 1293 3
231 1252 300 1284 est.
359 1244 455 1294 quid
480 1243 585 1282 enim
613 1251 679 1282 aut
709 1243 965 1294 sponsoribus
996 1243 1035 1281 in
1061 1244 1219 1282 foedere
1243 1255 1343 1292 opus
1365 1248 1466 1280 esset
1493 1248 1560 1279 aut

229 1310 447 1358 obsidibus,
466 1311 534 1349 ubi
554 1311 780 1360 precatione
801 1323 860 1348 res
881 1308 1114 1359 transigitur,
1138 1322 1205 1359 per
1226 1321 1344 1358 quern
1366 1307 1557 1357 populum

230 1377 306 1422 fiat,
340 1389 420 1425 quo
450 1375 579 1413 minus
609 1375 761 1424 legibus
791 1374 905 1413 dictis
941 1381 1072 1421 stetur,
1103 1380 1145 1412 ut
1175 1386 1266 1412 eum
1296 1372 1348 1410 ita
1383 1371 1561 1422 Iuppiter

190 1457 211 1489 4
230 1440 351 1488 feriat,
381 1454 499 1490 quem
529 1441 579 1479 ad
610 1441 774 1479 modum
804 1453 827 1478 a
856 1439 1051 1478 fetialibus
1081 1452 1222 1489 porcus
1252 1437 1437 1476 feriatur?
1475 1449 1561 1486 spo-

230 1507 456 1556 ponderunt
500 1507 694 1553 consules,
742 1505 869 1556 legati,
911 1512 1148 1555 quaestores,
1189 1503 1334 1542 tribuni
1379 1502 1557 1548 militum,

231 1571 473 1621 nominaque
497 1572 687 1618 omnium,
718 1571 785 1621 qui
815 1572 1125 1621 spoponderunt,
1153 1577 1314 1616 exstant,
1346 1568 1424 1615 ubi,
1454 1568 1485 1606 si
1515 1581 1561 1606 ex

231 1637 390 1675 foedere
419 1643 506 1674 acta
535 1650 594 1674 res
625 1644 737 1682 esset,
761 1643 1035 1686 praeterquam
1065 1636 1234 1673 duorum
1264 1632 1454 1672 fetialium
1479 1646 1559 1671 non

194 1718 212 1750 5
233 1709 427 1740 exstarent
436 1716 446 1749 3
468 1709 506 1740 et
520 1708 678 1751 propter
694 1700 954 1740 necessariam
971 1699 1140 1739 foederis
1156 1698 1387 1739 dilationem
1402 1697 1561 1736 obsides

233 1766 350 1805 etiam
373 1767 542 1805 sescenti
563 1767 715 1817 equites
745 1767 936 1817 imperati,
960 1765 1027 1816 qui
1054 1764 1182 1815 capite
1203 1766 1365 1811 luerent,
1389 1763 1419 1801 si
1444 1771 1561 1813 pacto

192 1842 313 1874 6non
344 1839 518 1870 staretur.
578 1839 733 1882 tempus
768 1831 861 1870 inde
896 1838 1084 1870 statutum
1120 1829 1320 1869 tradendis
1354 1828 1560 1867 obsidibus

231 1897 483 1947 exercituque
504 1897 641 1936 inermi
664 1897 870 1936 mittendo.
912 1895 1187 1946 redintegravit
1203 1896 1353 1933 luctum
1370 1894 1408 1932 in
1427 1894 1561 1932 castris

231 1964 439 2001 consulum
460 1963 664 2011 adventus,
684 1970 726 2001 ut
746 1962 809 2000 vix
828 1963 878 2001 ab
899 1962 944 2000 iis
964 1961 1206 2000 abstinerent
1224 1974 1372 2007 manuS‚
1391 1973 1558 2010 quorum

231 2026 450 2064 temeritate
480 2026 518 2063 in
550 2040 640 2064 eum
671 2028 803 2065 locum
834 2026 996 2065 deducti
1031 2033 1172 2073 essent,
1205 2038 1373 2075 quorum
1408 2024 1561 2074 ignavia

196 2091 386 2144 7f0edius
426 2091 528 2139 inde,
571 2106 689 2141 quam
730 2091 938 2139 venissent,
974 2091 1140 2130 abituri:
1185 2090 1259 2129 illis
1298 2104 1377 2129 non
1417 2092 1559 2129 ducem

233 2158 422 2202 locorum,
445 2169 525 2194 non
553 2158 838 2205 exploratorem
866 2156 985 2194 fuisse
1000 2171 1010 2204 3
1041 2157 1244 2194 beluarum
1273 2156 1394 2194 modo
1422 2169 1561 2194 caecos

195 2231 215 2262 8
233 2220 270 2258 in
294 2221 446 2258 foveam
470 2220 620 2260 missos.
680 2221 743 2259 alii
770 2221 867 2259 alios
888 2220 1040 2268 intueri,
1064 2220 1321 2270 contemplari
1342 2233 1448 2258 arma
1470 2234 1560 2259 mox

232 2286 424 2324 tradenda
462 2293 500 2323 et
540 2285 708 2325 inermes
741 2287 887 2324 futuras
923 2287 1076 2324 dextras
1111 2285 1363 2336 obnoxiaque
1396 2299 1559 2335 corpora

232 2352 359 2399 host13
389 2363 608 2401 proponere
636 2350 793 2390 sibimet
821 2350 906 2403 ipsi.»
921 2359 1013 2389 ante
1034 2353 1170 2390 oculos
1197 2352 1331 2401 iugum
1357 2350 1498 2390 hostile
1518 2358 1557 2388 et
