1747 2620
832 114 876 150 T.
907 113 1023 150 LIVI

213 222 250 254 16
269 222 421 261 diversa
443 228 582 272 petunt
601 236 607 267 ;
636 222 773 271 ingens
795 221 1007 260 multitudo
1028 221 1067 258 in
1089 234 1212 259 unum
1234 227 1341 258 metu
1362 219 1599 270 conglobata

211 299 247 334 17
267 301 313 326 ac
343 295 467 326 semet
502 287 627 336 ipsam
657 287 771 325 turba
805 287 1025 338 impediens
1060 287 1099 324 in
1129 286 1262 325 medio
1291 299 1414 324 caesa.
1474 292 1598 324 castra

267 352 440 391 hostium
457 359 571 403 capta
587 352 818 403 direptaque
834 367 842 400 3
872 365 1040 402 quorum
1061 353 1207 402 praeda
1226 358 1413 390 onustum
1434 350 1598 390 militem

268 418 307 456 in
330 419 515 456 Romana
535 425 661 456 castra
681 417 849 456 dictator
869 417 1031 465 reducit,
1051 418 1360 467 haudquaquam
1381 424 1460 455 tam
1481 415 1600 455 victo-

267 483 322 521 ria
335 484 492 531 laetum,
509 496 628 533 quam
645 484 754 533 quod
774 490 925 533 praeter
941 482 1120 532 exiguam
1134 483 1393 521 deformatam
1414 481 1600 519 incendio

268 555 419 599 partem
440 555 569 587 cetera
589 555 725 587 contra
747 561 857 598 spem
879 550 984 586 salva
1007 547 1167 586 invenit.

199 625 251 663 24
323 615 388 652 Ad
410 614 547 652 SOram
568 613 662 652 inde
682 613 852 651 reditum
867 627 877 660 ,·
907 612 1079 662 novique
1100 613 1295 660 consules,
1313 613 1369 649 M.
1389 610 1597 658 Poetelius,

271 679 314 719 C.
340 678 535 728 Sulpicius
556 678 769 717 exercitum
794 678 844 716 ab
875 678 1067 716 dictatore
1096 677 1219 716 Fabio
1240 676 1439 727 accipiunt
1460 690 1601 727 magna

270 751 379 794 parte
399 751 576 782 veterum
597 743 766 782 militum
789 743 952 782 dimissa
976 743 1169 793 novisque
1197 742 1426 781 cohortibus
1454 742 1494 780 in
1515 756 1601 793 sup-

234 826 249 847 2
270 811 515 858 plementum
536 808 729 847 adductis.
789 815 962 847 ceterum
984 822 1074 846 cum
1095 815 1254 858 propter
1274 807 1473 846 difficilem
1495 807 1601 846 urbis

271 874 388 912 situm
420 887 493 912 nec
521 873 779 924 oppugnandi
807 874 898 912 satis
919 882 1025 913 certa
1051 873 1150 912 ratio
1177 873 1337 912 iniretur
1364 880 1401 912 et
1421 880 1488 911 aut
1507 880 1602 911 tem-

233 951 250 981 3
269 952 364 989 pore
385 938 602 989 longinqua
621 946 688 977 aut
708 952 896 989 praeceps
918 939 1093 989 periculo
1114 938 1276 977 victoria
1296 946 1407 986 esset,
1431 939 1601 977 Soranus

269 1006 468 1054 transfuga
489 1006 590 1042 clam
607 1018 654 1042 ex
670 1004 819 1054 oppido
835 1006 1045 1055 profectus,
1068 1017 1159 1043 cum
1180 1005 1230 1042 ad
1244 1003 1378 1054 vigiles
1396 1005 1601 1042 Romanos

270 1076 522 1120 penetrasset,
541 1069 633 1108 duci
654 1083 695 1108 se
717 1071 915 1119 extemplo
931 1071 981 1108 ad
1003 1071 1185 1108 consules
1202 1068 1311 1107 iubet
1327 1070 1602 1119 deductusque

232 1154 253 1185 4
270 1134 503 1174 traditurum
520 1135 658 1173 urbem
680 1134 882 1185 promittit.
924 1134 1029 1173 visus
1050 1134 1157 1183 inde,
1174 1147 1265 1172 cum
1287 1147 1462 1184 quonam
1480 1135 1602 1173 modo

270 1200 311 1239 id
353 1207 618 1250 praestaturus
657 1208 759 1239 esset
798 1207 1100 1250 percunctantes
1146 1200 1316 1246 doceret,
1359 1200 1465 1237 haud
1503 1212 1602 1238 vana

270 1266 433 1312 adferre,
456 1264 635 1315 perpulit,
658 1278 780 1315 prope
810 1264 996 1303 adiuncta
1026 1264 1236 1303 moenibus
1268 1266 1450 1302 Romana
1479 1272 1604 1303 castra

234 1347 251 1379 5
272 1337 314 1368 ut
335 1343 401 1368 sex
422 1329 529 1368 milia
544 1331 594 1368 ab
612 1330 760 1380 oppido
777 1336 1092 1369 removerentur:
1115 1331 1208 1376 fore,
1223 1335 1266 1367 ut
1280 1328 1408 1367 minus
1430 1329 1603 1368 intentae

272 1395 311 1433 in
342 1395 563 1434 custodiam
594 1395 700 1433 urbis
730 1395 895 1434 diurnae
925 1394 1113 1434 stationes
1142 1408 1187 1433 ac
1215 1402 1430 1433 nocturnae
1451 1394 1603 1444 vigiliae

272 1468 413 1500 essent.
474 1461 557 1511 ipse
578 1461 801 1511 insequenti
827 1468 943 1499 nocte
965 1461 1039 1499 sub
1067 1460 1216 1510 oppido
1242 1459 1481 1498 silvestribus
1507 1460 1602 1499 locis

272 1525 502 1565 cohortibus
524 1525 693 1565 insidere
715 1526 827 1564 iussis
849 1527 988 1564 decem
1016 1525 1158 1564 milites
1183 1526 1358 1563 delectos
1380 1537 1514 1563 secum
1535 1539 1604 1575 per

271 1592 394 1630 ardua
422 1604 468 1629 ac
498 1604 621 1641 prope
651 1590 755 1630 invia
783 1590 823 1628 in
853 1603 983 1629 arcem
1018 1590 1138 1636 ducit,
1171 1589 1347 1640 pluribus
1379 1602 1497 1640 quam
1533 1603 1603 1640 pro

235 1661 254 1692 6
272 1669 439 1695 numero
464 1655 634 1694 virorum
665 1654 877 1694 missilibus
907 1655 993 1694 telis
1024 1668 1071 1693 eo
1101 1654 1266 1694 conlatis
1283 1669 1293 1702 3
1326 1656 1377 1694 ad
1407 1656 1483 1693 hoc
1513 1660 1603 1694 sa'xa

272 1729 382 1760 erant
412 1728 450 1759 et
480 1728 627 1760 temere
657 1721 835 1768 iacentia,
858 1728 900 1759 ut
931 1721 973 1758 fit
1003 1720 1042 1757 in
1073 1719 1246 1770 aspretis,
1274 1727 1311 1759 et
1338 1721 1389 1759 de
1413 1719 1604 1759 industria

238 1804 254 1837 7
272 1786 400 1834 etiam,
425 1799 505 1836 quo
535 1788 645 1825 locus
676 1786 795 1825 tutior
825 1793 936 1832 esset,
968 1786 1017 1824 ab
1043 1785 1252 1836 oppidanis
1279 1793 1475 1835 congesta.
1536 1787 1602 1824 ubi

271 1866 362 1890 cum
380 1851 646 1891 constituisset
663 1854 869 1891 Romanos
886 1851 1146 1901 semitamque
1166 1858 1372 1901 angustam
1389 1858 1427 1889 et
1440 1852 1602 1889 arduam

272 1925 441 1956 erectam
486 1931 532 1956 ex
575 1917 726 1967 oppido
765 1917 804 1955 in
842 1931 974 1955 arcem
1013 1915 1262 1963 ostendisset,
1303 1917 1401 1954 ‘hoc
1440 1916 1601 1966 quidem

271 1984 460 2021 ascensu'
490 1982 618 2032 inquit
655 1983 737 2021 ‘vel
772 1990 848 2021 tres
882 1982 1019 2020 armati
1055 1981 1274 2031 quamlibet
1308 1981 1602 2020 multitudinem

237 2057 255 2087 8
271 2047 489 2096 arcuerint3
519 2061 588 2086 vos
610 2056 646 2086 et
668 2049 808 2087 decem
829 2061 995 2086 numero
1016 2054 1065 2095 et,
1089 2048 1198 2097 quod
1223 2048 1310 2096 plus
1338 2054 1406 2094 est,
1430 2047 1603 2085 Romani

274 2114 629 2162 Romanorumque
659 2112 858 2151 fortissimi
880 2112 948 2150 viri
979 2112 1071 2150 estis
1086 2126 1096 2160 3
1126 2118 1164 2150 et
1193 2113 1303 2150 locus
1332 2124 1403 2162 pro
1426 2111 1538 2150 vobis
1566 2119 1603 2150 et

272 2191 350 2215 nox
385 2177 466 2225 erit,
498 2191 599 2227 quae
633 2178 767 2216 omnia
800 2192 846 2216 ex
885 2177 1034 2216 incerto
1069 2177 1216 2215 maiora
1249 2176 1388 2215 territis
1420 2183 1600 2215 ostentat.

273 2255 346 2291 ego
372 2242 448 2280 iam
474 2250 618 2281 terrore
642 2242 776 2281 omnia
802 2242 1002 2292 implebo,
1037 2255 1106 2280 vos
1132 2255 1262 2280 arcem
1287 2241 1426 2280 intenti
1448 2242 1603 2281 tenete.'

235 2308 443 2357 9decurrit
475 2309 577 2355 inde,
609 2315 759 2358 quanto
794 2308 963 2346 maxime
998 2314 1150 2357 poterat
1184 2320 1275 2345 cum
1311 2308 1492 2354 tumultu,
1527 2308 1601 2345 ‘ad

273 2374 426 2411 armal’
465 2380 502 2410 et
537 2376 628 2422 ‘pro
658 2380 824 2411 vestram
862 2373 995 2412 fidem.
1031 2372 1160 2418 cives,'
1190 2372 1394 2410 clamitans
1432 2375 1518 2409 ‘arx
1551 2372 1601 2409 ab
