1747 2620
389 120 458 157 AB
490 117 639 154 VRBE
670 116 927 153 CONDITA
959 115 1062 151 LIB.
1096 114 1163 151 IX.
1201 125 1272 161 1-3

173 237 250 276 aut,
273 228 304 267 si
325 229 379 266 ire
406 239 522 277 porro
550 239 696 276 pergas,
721 238 788 275 per
814 223 934 262 alium
957 225 1111 270 saltum,
1134 224 1316 261 artiorem
1338 219 1501 271 impedi-

174 294 404 343 tioremque,
446 292 708 331 evadendum.
783 289 821 327 in
861 302 950 328 eum
997 301 1182 338 campum
1222 287 1282 326 via
1320 286 1395 325 alia
1433 299 1539 337 per9

173 372 310 398 cavam
344 371 481 408 rupem
516 356 687 395 Romani
720 355 894 394 demisso
924 353 1081 405 agmine
1113 367 1203 391 cum
1233 354 1284 392 ad
1313 352 1408 390 alias
1433 365 1502 390 an-

172 424 317 474 gustias
346 424 525 474 protinus
554 428 769 472 pergerent,
803 427 956 470 saeptas
989 418 1146 457 deiectu
1177 418 1361 456 arborum
1395 430 1504 455 saxo-

173 502 340 539 rumque
374 487 591 539 ingentium
625 486 833 525 obiacente
869 485 973 523 mole
1010 483 1204 522 invenere.
1277 495 1367 520 cum
1400 483 1502 520 fraus

173 554 327 593 hostilis
365 552 620 604 apparuisset,
664 550 903 602 praesidium
953 549 1071 588 etiam
1114 548 1155 586 in
1201 561 1358 587 summo
1403 549 1503 586 saltu

173 619 424 670 conspicitur.
482 617 589 657 citati
618 617 711 655 inde
741 624 852 663 retro,
877 629 955 666 qua
975 622 1172 662 venerant,
1202 621 1368 664 pergunt
1399 626 1499 663 repe·
1526 626 1566 648 10

172 693 254 724 tere
292 684 423 732 viam;
470 696 557 722 eam
606 695 766 733 quoque
813 682 987 719 clausam
1037 693 1107 718 sua
1155 678 1269 717 obice
1307 677 1504 728 armisque

173 749 389 789 inveniunt.
477 748 618 787 sistunt
671 747 764 786 inde
816 747 981 797 gradum
1030 745 1113 783 sine
1160 743 1277 783 ullius
1326 742 1502 793 imperio,

174 824 388 866 stuporque
409 815 587 853 omnium
608 812 761 851 animos
781 825 827 850 ac
847 813 953 850 velut
981 818 1114 860 torpor
1133 809 1296 860 quidam
1324 808 1504 847 insolitus

175 881 351 921 membra
373 888 491 927 tenet,
515 880 794 928 intuentesque
814 877 878 916 alii
899 877 1008 924 alios,
1032 890 1123 914 cum
1150 877 1316 914 alterum
1338 875 1506 925 quisque
1527 886 1561 909 11

174 954 400 998 compotem
422 945 544 995 magis
566 944 708 983 mentis
729 957 774 982 ac
795 942 948 982 consilii
969 943 1169 989 ducerent,
1192 942 1260 980 diu
1281 940 1506 979 immobiles

175 1013 314 1059 silent;
362 1010 518 1058 deinde,
560 1009 628 1048 ubi
666 1008 859 1060 praetoria
907 1008 1116 1046 consulum
1165 1006 1257 1057 erigi
1297 1005 1429 1045 videre
1468 1012 1505 1043 et
1527 1021 1564 1043 η

175 1078 359 1128 expedire
390 1077 584 1127 quosdam
625 1075 734 1112 utilia
772 1073 892 1124 operi,
934 1085 1175 1123 quamquam
1214 1070 1386 1110 ludibrio
1424 1071 1507 1108 fore

177 1141 399 1180 munientes
430 1139 591 1190 perditis
622 1139 739 1177 rebus
768 1151 814 1176 ac
844 1151 913 1188 spe
938 1136 1047 1175 omni
1068 1137 1255 1185 adempta
1279 1135 1505 1182 cernebant,

176 1215 319 1253 tamen,
344 1219 392 1244 ne
413 1206 570 1255 culpam
602 1204 712 1242 malis
741 1204 943 1249 adderent,
967 1214 1038 1252 pro
1060 1214 1101 1239 se
1128 1200 1295 1251 quisque
1322 1213 1395 1238 nec
1422 1201 1508 1238 hor-
1529 1210 1567 1240 13

176 1278 283 1310 tante
304 1272 384 1309 ullo
405 1283 478 1308 nec
499 1269 716 1319 imperante
735 1269 786 1306 ad
808 1268 1068 1305 muniendum
1085 1265 1184 1304 versi
1205 1272 1329 1303 castra
1350 1272 1507 1315 propter

175 1350 319 1387 aquam
339 1337 441 1375 vallo
462 1335 718 1381 circumdant,
743 1346 812 1372 sua
833 1332 905 1382 ipsi
926 1344 1045 1381 opera
1065 1331 1322 1380 laboremque
1344 1329 1504 1376 irritum,
1530 1342 1569 1374 14

175 1408 447 1452 praeterquam
469 1401 578 1450 quod
604 1401 737 1437 hostes
765 1397 933 1448 superbe
954 1396 1222 1446 increpabant,
1247 1408 1337 1433 cum
1354 1394 1509 1434 misera-

177 1467 244 1505 bili
275 1466 523 1506 confessione
553 1466 769 1504 eludentes.
829 1464 880 1502 ad
907 1463 1090 1501 consules
1116 1468 1298 1509 maestos,
1322 1475 1372 1500 ne
1391 1462 1508 1500 advo·
1531 1478 1569 1509 15

176 1539 310 1571 cantes
331 1531 493 1582 quidem
513 1530 553 1568 in
570 1529 790 1576 consilium,
809 1529 970 1579 quando
990 1540 1064 1566 nec
1085 1526 1251 1565 consilio
1271 1539 1344 1565 nec
1364 1526 1508 1565 auxilio

177 1599 287 1636 locus
308 1605 421 1644 esset,
445 1610 514 1635 sua
535 1602 677 1646 sponte
697 1593 813 1645 legati
838 1606 883 1632 ac
904 1592 1051 1631 tribuni
1075 1591 1329 1640 conveniunt,
1353 1590 1510 1630 milites-

178 1675 258 1713 que
276 1663 328 1701 ad
348 1660 585 1712 praetorium
603 1660 701 1698 versi
724 1672 853 1710 opem,
871 1671 990 1708 quam
1011 1656 1073 1695 vix
1094 1656 1135 1696 di
1155 1656 1395 1695 immortales
1411 1657 1508 1695 ferre

178 1735 369 1778 poterant,
405 1727 455 1765 ab
490 1725 659 1765 ducibus
693 1731 922 1774 exposcunt.
982 1729 1192 1773 querentes
1226 1720 1349 1772 magis
1387 1727 1551 1771 quamss

178 1794 445 1832 consultantes
480 1805 558 1830 nox
592 1789 796 1841 oppressit,
829 1802 918 1827 cum
949 1801 1020 1838 pro
1049 1786 1208 1837 ingenio
1238 1786 1406 1836 quisque
1439 1787 1509 1825 fre-

179 1865 340 1904 merent,
372 1856 492 1895 alius:
536 1859 625 1906 ‘per
654 1855 787 1894 obices
818 1855 979 1901 viarum,
1010 1866 1078 1903 per
1107 1853 1270 1891 adversa
1299 1851 1505 1898 montium,

178 1937 247 1974 per
267 1923 392 1970 silvas,
414 1935 492 1972 qua
512 1921 599 1960 ferri
620 1934 728 1959 arma
748 1927 943 1970 poterunt,
965 1931 1112 1965 eamus,
1136 1919 1257 1956 modo
1277 1918 1328 1956 ad
1352 1918 1506 1955 hostem
1529 1924 1544 1946 2

178 1987 380 2038 pervenire
409 1987 537 2034 liceat,
558 1999 676 2036 quem
707 1998 774 2035 per
803 1997 928 2022 annos
959 1983 1035 2021 iam
1064 1996 1186 2033 prope
1213 1981 1368 2032 triginta
1392 1981 1509 2020 vinci-

180 2066 291 2100 mus,
330 2051 463 2090 onmia
491 2064 618 2101 aequa
647 2058 685 2088 et
720 2052 836 2100 plana
870 2056 983 2088 erunt
1019 2050 1204 2087 Romano
1238 2047 1277 2086 in
1313 2048 1508 2098 perfidum

181 2117 398 2157 Samnitem
428 2115 639 2166 pugnanti'
655 2130 666 2163 5
703 2114 826 2153 alius:
869 2117 970 2164 ‘quo
999 2121 1067 2152 aut
1096 2127 1174 2164 qua
1204 2115 1369 2152 eamus?
1412 2126 1508 2151 num
1531 2120 1548 2152 3

180 2190 335 2222 montes
365 2181 491 2220 moliri
521 2181 615 2220 sede
644 2193 714 2219 sua
740 2181 952 2231 paramus?
992 2182 1088 2219 dum
1117 2180 1215 2218 haec
1245 2178 1509 2217 imminebunt

181 2249 280 2299 iuga,
318 2261 395 2298 qua
433 2255 475 2285 tu
513 2247 564 2285 ad
602 2247 757 2284 hostem
791 2245 955 2284 venias?
997 2243 1135 2283 armati
1174 2244 1353 2291 inermes,
1391 2245 1509 2283 fortes

180 2313 320 2364 ignavi,
350 2312 491 2363 pariter
520 2324 658 2350 omnes
688 2311 791 2361 capti
819 2322 939 2361 atque
966 2309 1057 2349 victi
1087 2323 1248 2357 sumus;
1286 2323 1336 2347 ne
1364 2310 1508 2348 ferrum

180 2379 341 2430 quidem
372 2379 424 2417 ad
453 2378 555 2416 bene
584 2376 832 2416 moriendum
863 2376 1064 2415 oblaturus
1094 2382 1153 2414 est
1182 2374 1305 2413 hostis
1320 2389 1332 2422 3
1365 2375 1507 2413 sedens
