1747 2620
812 97 858 133 T.
892 97 1008 134 LIVI

249 217 403 254 pugnae
433 203 527 241 fuit!
576 204 736 254 paginas
764 203 803 242 in
833 205 1040 243 annalibus
1067 205 1362 256 magistratuum
1391 206 1578 256 fastisque

248 282 471 318 percurrere
518 267 608 306 licet
656 271 862 308 consulum
910 269 1239 321 dictatorumque,
1288 285 1455 321 quorum
1504 283 1578 309 nec

248 333 397 371 virtutis
418 347 492 372 nec
513 334 692 372 fortunae
713 335 793 373 ullo
814 334 878 373 die
908 337 1100 385 populum
1124 337 1351 374 Romanum
1373 335 1576 386 paenituit.

192 413 228 443 13
248 405 297 445 et,
334 412 414 448 quo
449 398 525 436 sint
560 397 816 438 mirabiliores
851 413 971 449 quam
1008 401 1233 439 Alexander
1266 408 1333 439 aut
1368 401 1576 451 quisquam

248 476 323 510 rex,
352 464 477 501 denos
503 462 743 514 vicenosque
771 465 855 503 dies
880 463 1042 514 quidam
1067 464 1312 512 dictaturam,
1343 479 1461 504 nemo
1491 467 1578 516 plus

191 540 226 571 14
248 541 367 577 quam
387 542 537 566 annum
564 530 814 567 consulatum
834 529 953 579 gessit
968 544 978 578 3
1007 530 1057 568 ab
1078 530 1244 569 tribunis
1265 530 1390 581 plebis
1411 531 1578 570 dilectus

247 593 428 643 impediti
458 601 572 641 sunt,
608 602 697 644 post
732 601 887 644 tempus
915 595 966 633 ad
997 595 1098 633 bella
1133 594 1270 642 ierunt,
1302 603 1394 634 ante
1423 603 1578 646 tempus

189 672 225 704 15
246 658 496 696 comitiorum
536 672 654 697 causa
693 659 862 698 revocati
902 666 992 697 sunt
1011 674 1021 707 3
1063 658 1102 697 in
1142 659 1228 710 ipso
1266 668 1411 699 conatu
1451 674 1578 699 rerum

247 722 475 773 circumegit
496 736 537 762 se
558 737 684 762 annus
701 738 710 772 3
740 725 913 774 collegae
934 737 1040 763 nunc
1066 724 1263 764 temeritas
1284 739 1390 764 nunc
1411 724 1579 776 pravitas

248 787 534 838 impedimento
568 796 634 826 aut
669 789 817 827 damno
849 788 947 837 fuit3
986 790 1088 827 male
1121 789 1239 839 gestis
1271 791 1387 829 rebus
1422 789 1579 828 alterius

247 866 474 892 successum
514 862 596 902 est3
645 854 811 893 tironem
855 862 923 893 aut
962 856 1064 893 mala
1105 856 1313 906 disciplina
1356 855 1577 894 institutum

192 925 229 956 16
248 918 461 957 exercitum
489 926 737 969 acceperunt.
796 926 835 957 at
869 920 1027 958 hercule
1057 933 1166 970 reges
1196 934 1277 959 non
1309 920 1420 959 liberi
1450 922 1578 959 solum

248 983 543 1033 impedimentis
583 983 768 1023 omnibus
808 986 877 1023 sed
916 984 1069 1023 domini
1109 999 1236 1024 rerum
1276 992 1580 1036 temporumque

193 1062 228 1097 17
248 1049 407 1086 trahunt
450 1048 624 1087 consiliis
673 1056 827 1096 cuncta,
878 1062 958 1087 non
1002 1057 1197 1088 secuntur.
1274 1050 1441 1089 invictus
1490 1063 1580 1100 ergo

248 1115 472 1152 Alexander
504 1127 594 1152 cum
627 1113 782 1152 invictis
815 1115 983 1153 ducibus
1020 1115 1123 1153 bella
1156 1115 1339 1166 gessisset
1368 1123 1406 1154 et
1440 1116 1579 1154 eadem

193 1185 227 1216 18
248 1180 427 1217 fortunae
460 1180 623 1229 pignora
652 1179 691 1217 in
722 1179 933 1218 discrimen
965 1180 1168 1219 detulisset
1185 1195 1194 1229 3
1228 1181 1351 1219 immo
1385 1180 1503 1219 etiam
1533 1194 1581 1218 eo

248 1246 335 1294 plus
356 1243 518 1294 periculi
545 1244 725 1292 subisset,
749 1245 858 1294 quod
888 1246 1132 1284 Macedones
1161 1259 1284 1284 unum
1311 1246 1580 1284 Alexandrum

249 1308 492 1356 habuissent,
526 1308 658 1347 multis
679 1308 835 1347 casibus
862 1323 940 1348 non
964 1311 1090 1347 solum
1119 1310 1336 1348 obnoxium
1367 1311 1437 1349 sed
1462 1309 1579 1348 etiam

193 1382 229 1413 Ι9
249 1374 479 1412 offerentem
508 1387 559 1422 se,
591 1373 764 1413 Romani
793 1374 904 1412 multi
932 1374 1095 1413 fuissent
1122 1376 1348 1414 Alexandro
1369 1377 1429 1414 vel
1459 1374 1581 1426 gloria

249 1440 309 1477 vel
331 1452 458 1477 rerum
484 1438 755 1489 magnitudine
776 1452 899 1489 pares,
922 1453 1090 1489 quorum
1112 1454 1183 1479 suo
1208 1441 1376 1491 quisque
1397 1442 1477 1479 fato
1497 1440 1581 1479 sine

250 1503 411 1554 publico
432 1503 658 1542 discrimine
679 1503 823 1542 viveret
844 1513 1147 1555 morereturque.

184 1578 231 1614 19
308 1572 456 1617 Restat,
492 1577 533 1607 ut
572 1569 709 1620 copiae
744 1569 868 1620 copiis
902 1578 1179 1621 comparentur
1218 1573 1278 1610 vel
1317 1584 1482 1611 numero
1521 1573 1581 1610 vel

216 1653 230 1672 2
253 1634 421 1672 militum
452 1648 594 1684 genere
626 1636 686 1673 vel
719 1634 972 1673 multitudine
1006 1635 1249 1674 auxiliorum.
1320 1636 1582 1675 censebantur

252 1699 335 1738 eius
378 1699 515 1738 aetatis
557 1699 685 1738 lustris
730 1701 887 1739 ducena
928 1700 1207 1751 quinquagena
1246 1701 1352 1740 milia
1395 1702 1579 1753 capitum.

252 1764 384 1814 itaque
412 1764 452 1802 in
474 1764 583 1802 omni
613 1764 836 1803 defectione
864 1765 1061 1804 sociorum
1084 1766 1213 1804 Latini
1237 1766 1409 1805 nominis
1431 1767 1582 1805 urbano

214 1850 231 1880 3
251 1843 372 1880 prope
398 1828 545 1868 dilectu
567 1830 706 1868 decem
733 1829 1004 1868 scribebantur
1024 1829 1199 1880 legiones
1215 1845 1225 1878 3
1254 1831 1433 1881 quaterni
1459 1831 1583 1882 quini-

251 1907 328 1944 que
358 1893 549 1932 exercitus
577 1907 694 1944 saepe
726 1907 794 1944 per
823 1907 890 1933 eos
920 1908 1045 1933 annos
1075 1894 1115 1932 in
1146 1895 1310 1943 Etruria,
1344 1895 1382 1934 in
1415 1895 1583 1936 Umbria

251 1959 374 1998 Gallis
405 1959 585 1998 hostibus
615 1959 823 2007 adiunctis,
856 1959 896 1997 in
927 1959 1099 2008 Samnio,
1127 1959 1166 1998 in
1197 1960 1368 2000 Lucanis
1395 1961 1583 2011 gerebant

211 2037 231 2067 4
252 2024 410 2062 bellum.
472 2024 628 2063 Latium
660 2025 806 2064 deinde
841 2039 960 2064 omne
989 2039 1080 2064 cum
1110 2026 1263 2065 Sabinis
1293 2034 1332 2065 et
1361 2026 1515 2065 Volscis
1545 2033 1583 2064 et

251 2089 400 2140 Aequis
430 2097 468 2128 et
495 2090 604 2128 omni
636 2091 854 2141 Campania
886 2099 924 2130 et
958 2098 1067 2141 parte
1100 2091 1291 2131 Umbriae
1326 2091 1583 2142 Etruriaeque

251 2162 289 2193 et
329 2155 558 2194 Picentibus
597 2163 635 2194 et
676 2156 818 2194 Marsis
857 2156 1133 2207 Paelignisque
1171 2170 1218 2195 ac
1252 2157 1426 2196 Vestinis
1464 2165 1583 2208 atque

252 2220 391 2270 Apulis
411 2220 598 2259 adiuncta
623 2221 732 2259 omni
753 2235 820 2260 ora
841 2223 1084 2261 Graecorum
1112 2222 1224 2261 inferi
1246 2222 1361 2261 maris
1381 2237 1404 2261 a
1424 2222 1582 2261 Thuriis

253 2284 463 2335 Neapolim
503 2292 541 2323 et
581 2286 729 2324 Cumas
770 2293 807 2324 et
851 2285 944 2325 inde
984 2286 1106 2326 Antio
1144 2294 1263 2338 atque
1307 2287 1429 2328 Ostiis
1469 2295 1582 2326 tenus

252 2349 446 2389 Samnites
490 2358 556 2388 aut
598 2350 725 2389 socios
765 2350 914 2389 validos
955 2352 1147 2391 Romanis
1187 2360 1253 2391 aut
1297 2354 1438 2392 fractos
1478 2354 1582 2392 bello
