<?xml version="1.0" encoding="UTF-8"?>
<!DOCTYPE html PUBLIC "-//W3C//DTD XHTML 1.0 Transitional//EN"
    "http://www.w3.org/TR/xhtml1/DTD/xhtml1-transitional.dtd">
<html xmlns="http://www.w3.org/1999/xhtml" xml:lang="en" lang="en">
 <head>
  <title>
</title>
<meta http-equiv="Content-Type" content="text/html;charset=utf-8" />
  <meta name='ocr-system' content='tesseract 3.04.00' />
  <meta name='ocr-capabilities' content='ocr_page ocr_carea ocr_par ocr_line ocrx_word'/>
</head>
<body>
  <div class='ocr_page' id='page_1' title='image "./aburbeconditalib00livyuoft_0026.png"; bbox 0 0 1747 2620; ppageno 0'>
   <div class='ocr_carea' id='block_1_1' title="bbox 791 83 985 120">
    <p class='ocr_par' dir='ltr' id='par_1_1' title="bbox 791 83 985 120">
     <span class='ocr_line' id='line_1_1' title="bbox 791 83 985 120; baseline -0.005 0"><span class='ocrx_word' id='word_1_1' title='bbox 791 84 838 120; x_wconf 80' lang='lat' dir='ltr'><strong>T,</strong></span> <span class='ocrx_word' id='word_1_2' title='bbox 870 83 985 120; x_wconf 90' lang='lat' dir='ltr'>LIVI</span> 
     </span>
    </p>
   </div>
   <div class='ocr_carea' id='block_1_2' title="bbox 169 190 1559 2387">
    <p class='ocr_par' dir='ltr' id='par_1_2' title="bbox 169 190 1559 2387">
     <span class='ocr_line' id='line_1_2' title="bbox 189 190 1558 241; baseline -0.002 -10"><span class='ocrx_word' id='word_1_3' title='bbox 189 211 209 241; x_wconf 88' lang='lat'>4</span> <span class='ocrx_word' id='word_1_4' title='bbox 231 193 378 231; x_wconf 90' lang='lat' dir='ltr'><strong>bellum</strong></span> <span class='ocrx_word' id='word_1_5' title='bbox 409 191 616 230; x_wconf 87' lang='lat' dir='ltr'><strong>conficiet.’</strong></span> <span class='ocrx_word' id='word_1_6' title='bbox 673 192 732 229; x_wconf 88' lang='lat' dir='ltr'><strong>his</strong></span> <span class='ocrx_word' id='word_1_7' title='bbox 763 190 800 228; x_wconf 91' lang='lat' dir='ltr'><strong>in</strong></span> <span class='ocrx_word' id='word_1_8' title='bbox 830 190 955 229; x_wconf 87' lang='lat' dir='ltr'><strong>vicem</strong></span> <span class='ocrx_word' id='word_1_9' title='bbox 985 190 1231 230; x_wconf 79' lang='lat' dir='ltr'>sermonibus</span> <span class='ocrx_word' id='word_1_10' title='bbox 1259 204 1335 241; x_wconf 84' lang='lat' dir='ltr'><strong>qua</strong></span> <span class='ocrx_word' id='word_1_11' title='bbox 1363 190 1452 238; x_wconf 89' lang='lat' dir='ltr'><strong>cibi,</strong></span> <span class='ocrx_word' id='word_1_12' title='bbox 1481 203 1558 241; x_wconf 88' lang='lat' dir='ltr'><strong>qua</strong></span> 
     </span>
     <span class='ocr_line' id='line_1_3' title="bbox 231 256 990 308; baseline -0.001 -13"><span class='ocrx_word' id='word_1_13' title='bbox 231 257 373 308; x_wconf 89' lang='lat' dir='ltr'><strong>quietis</strong></span> <span class='ocrx_word' id='word_1_14' title='bbox 395 256 604 295; x_wconf 92' lang='lat' dir='ltr'><strong>immemor</strong></span> <span class='ocrx_word' id='word_1_15' title='bbox 624 269 703 295; x_wconf 83' lang='lat' dir='ltr'><strong>nox</strong></span> <span class='ocrx_word' id='word_1_16' title='bbox 724 257 901 295; x_wconf 87' lang='lat' dir='ltr'><strong>traducta</strong></span> <span class='ocrx_word' id='word_1_17' title='bbox 922 264 990 294; x_wconf 89' lang='lat' dir='ltr'><strong>est.</strong></span> 
     </span>
     <span class='ocr_line' id='line_1_4' title="bbox 284 321 1558 372; baseline -0.001 -11"><span class='ocrx_word' id='word_1_18' title='bbox 284 323 347 361; x_wconf 92' lang='lat' dir='ltr'><strong>Ne</strong></span> <span class='ocrx_word' id='word_1_19' title='bbox 368 321 610 361; x_wconf 89' lang='lat' dir='ltr'><strong>Samnitibus</strong></span> <span class='ocrx_word' id='word_1_20' title='bbox 631 321 793 371; x_wconf 86' lang='lat' dir='ltr'><strong>quidem</strong></span> <span class='ocrx_word' id='word_1_21' title='bbox 810 321 1018 360; x_wconf 91' lang='lat' dir='ltr'><strong>consilium</strong></span> <span class='ocrx_word' id='word_1_22' title='bbox 1040 321 1079 360; x_wconf 89' lang='lat' dir='ltr'><strong>in</strong></span> <span class='ocrx_word' id='word_1_23' title='bbox 1097 329 1176 360; x_wconf 87' lang='lat' dir='ltr'><strong>tam</strong></span> <span class='ocrx_word' id='word_1_24' title='bbox 1197 321 1307 361; x_wconf 90' lang='lat' dir='ltr'><strong>laetis</strong></span> <span class='ocrx_word' id='word_1_25' title='bbox 1324 322 1558 372; x_wconf 81' lang='lat' dir='ltr'><strong>suppetebat</strong></span> 
     </span>
     <span class='ocr_line' id='line_1_5' title="bbox 228 386 1558 437; baseline 0.002 -13"><span class='ocrx_word' id='word_1_26' title='bbox 228 386 370 434; x_wconf 87' lang='lat' dir='ltr'><strong>rebus;</strong></span> <span class='ocrx_word' id='word_1_27' title='bbox 411 386 544 436; x_wconf 89' lang='lat' dir='ltr'><strong>itaque</strong></span> <span class='ocrx_word' id='word_1_28' title='bbox 577 386 746 426; x_wconf 89' lang='lat' dir='ltr'><strong>universi</strong></span> <span class='ocrx_word' id='word_1_29' title='bbox 787 386 1036 425; x_wconf 86' lang='lat' dir='ltr'>Herennium</span> <span class='ocrx_word' id='word_1_30' title='bbox 1072 386 1268 434; x_wconf 91' lang='lat' dir='ltr'><strong>Pontium,</strong></span> <span class='ocrx_word' id='word_1_31' title='bbox 1305 395 1455 437; x_wconf 90' lang='lat' dir='ltr'><strong>patrem</strong></span> <span class='ocrx_word' id='word_1_32' title='bbox 1489 387 1558 426; x_wconf 87' lang='lat' dir='ltr'><strong>im-</strong></span> 
     </span>
     <span class='ocr_line' id='line_1_6' title="bbox 192 451 1558 503; baseline 0.001 -14"><span class='ocrx_word' id='word_1_33' title='bbox 192 468 209 500; x_wconf 85' lang='lat'>5</span> <span class='ocrx_word' id='word_1_34' title='bbox 228 451 428 502; x_wconf 88' lang='lat' dir='ltr'><strong>peratoris‚</strong></span> <span class='ocrx_word' id='word_1_35' title='bbox 450 465 519 502; x_wconf 86' lang='lat' dir='ltr'><strong>per</strong></span> <span class='ocrx_word' id='word_1_36' title='bbox 545 451 690 490; x_wconf 80' lang='lat' dir='ltr'><strong>litteras</strong></span> <span class='ocrx_word' id='word_1_37' title='bbox 717 453 1007 491; x_wconf 89' lang='lat' dir='ltr'><strong>consulendum</strong></span> <span class='ocrx_word' id='word_1_38' title='bbox 1034 460 1206 491; x_wconf 88' lang='lat' dir='ltr'><strong>censent.</strong></span> <span class='ocrx_word' id='word_1_39' title='bbox 1265 452 1342 490; x_wconf 88' lang='lat' dir='ltr'><strong>iarn</strong></span> <span class='ocrx_word' id='word_1_40' title='bbox 1372 452 1404 491; x_wconf 89' lang='lat' dir='ltr'><strong>is</strong></span> <span class='ocrx_word' id='word_1_41' title='bbox 1433 452 1558 503; x_wconf 87' lang='lat' dir='ltr'><strong>gravis</strong></span> 
     </span>
     <span class='ocr_line' id='line_1_7' title="bbox 229 516 1557 567; baseline 0.002 -13"><span class='ocrx_word' id='word_1_42' title='bbox 229 516 342 555; x_wconf 87' lang='lat' dir='ltr'><strong>annis</strong></span> <span class='ocrx_word' id='word_1_43' title='bbox 363 530 444 555; x_wconf 93' lang='lat' dir='ltr'><strong>non</strong></span> <span class='ocrx_word' id='word_1_44' title='bbox 466 516 697 556; x_wconf 86' lang='lat' dir='ltr'><strong>militaribus</strong></span> <span class='ocrx_word' id='word_1_45' title='bbox 714 519 842 555; x_wconf 89' lang='lat' dir='ltr'><strong>solum</strong></span> <span class='ocrx_word' id='word_1_46' title='bbox 859 519 929 556; x_wconf 89' lang='lat' dir='ltr'><strong>sed</strong></span> <span class='ocrx_word' id='word_1_47' title='bbox 946 517 1126 556; x_wconf 87' lang='lat' dir='ltr'><strong>civilibus</strong></span> <span class='ocrx_word' id='word_1_48' title='bbox 1142 530 1301 567; x_wconf 92' lang='lat' dir='ltr'><strong>quoque</strong></span> <span class='ocrx_word' id='word_1_49' title='bbox 1317 518 1557 556; x_wconf 82' lang='lat' dir='ltr'><strong>abscesserat</strong></span> 
     </span>
     <span class='ocr_line' id='line_1_8' title="bbox 230 581 1557 633; baseline 0.001 -14"><span class='ocrx_word' id='word_1_50' title='bbox 230 581 460 620; x_wconf 90' lang='lat' dir='ltr'><strong>muneribus</strong></span> <span class='ocrx_word' id='word_1_51' title='bbox 477 597 487 630; x_wconf 77' lang='lat'><em>3</em></span> <span class='ocrx_word' id='word_1_52' title='bbox 530 582 569 620; x_wconf 90' lang='lat' dir='ltr'><strong>in</strong></span> <span class='ocrx_word' id='word_1_53' title='bbox 604 595 767 632; x_wconf 89' lang='lat' dir='ltr'><strong>corpore</strong></span> <span class='ocrx_word' id='word_1_54' title='bbox 802 590 935 621; x_wconf 89' lang='lat' dir='ltr'><strong>tamen</strong></span> <span class='ocrx_word' id='word_1_55' title='bbox 968 584 1126 621; x_wconf 89' lang='lat' dir='ltr'><strong>adfecto</strong></span> <span class='ocrx_word' id='word_1_56' title='bbox 1159 582 1314 633; x_wconf 83' lang='lat' dir='ltr'><strong>vigebat</strong></span> <span class='ocrx_word' id='word_1_57' title='bbox 1347 582 1403 620; x_wconf 90' lang='lat' dir='ltr'><strong>vis</strong></span> <span class='ocrx_word' id='word_1_58' title='bbox 1436 583 1557 621; x_wconf 89' lang='lat' dir='ltr'><strong>animi</strong></span> 
     </span>
     <span class='ocr_line' id='line_1_9' title="bbox 190 646 1557 697; baseline 0.002 -13"><span class='ocrx_word' id='word_1_59' title='bbox 190 652 209 683; x_wconf 94' lang='lat'><strong>6</strong></span> <span class='ocrx_word' id='word_1_60' title='bbox 229 646 472 697; x_wconf 83' lang='lat' dir='ltr'><strong>consiliique.</strong></span> <span class='ocrx_word' id='word_1_61' title='bbox 532 647 562 686; x_wconf 87' lang='lat' dir='ltr'><strong>is</strong></span> <span class='ocrx_word' id='word_1_62' title='bbox 584 647 650 686; x_wconf 91' lang='lat' dir='ltr'><strong>ubi</strong></span> <span class='ocrx_word' id='word_1_63' title='bbox 672 647 823 697; x_wconf 87' lang='lat' dir='ltr'><strong>accepit</strong></span> <span class='ocrx_word' id='word_1_64' title='bbox 844 649 894 686; x_wconf 87' lang='lat' dir='ltr'><strong>ad</strong></span> <span class='ocrx_word' id='word_1_65' title='bbox 921 649 1089 686; x_wconf 87' lang='lat' dir='ltr'><strong>furculas</strong></span> <span class='ocrx_word' id='word_1_66' title='bbox 1112 647 1312 687; x_wconf 80' lang='lat' dir='ltr'><strong>Caudinas</strong></span> <span class='ocrx_word' id='word_1_67' title='bbox 1337 648 1436 688; x_wconf 86' lang='lat' dir='ltr'><strong>inter</strong></span> <span class='ocrx_word' id='word_1_68' title='bbox 1456 650 1557 687; x_wconf 87' lang='lat' dir='ltr'><strong>duos</strong></span> 
     </span>
     <span class='ocr_line' id='line_1_10' title="bbox 229 712 1558 760; baseline 0.002 -11"><span class='ocrx_word' id='word_1_69' title='bbox 229 713 349 750; x_wconf 85' lang='lat' dir='ltr'><strong>saltus</strong></span> <span class='ocrx_word' id='word_1_70' title='bbox 370 713 524 750; x_wconf 89' lang='lat' dir='ltr'><strong>clausos</strong></span> <span class='ocrx_word' id='word_1_71' title='bbox 548 725 633 751; x_wconf 90' lang='lat' dir='ltr'><strong>esse</strong></span> <span class='ocrx_word' id='word_1_72' title='bbox 661 712 851 751; x_wconf 80' lang='lat' dir='ltr'><strong>exercitus</strong></span> <span class='ocrx_word' id='word_1_73' title='bbox 880 714 1096 760; x_wconf 87' lang='lat' dir='ltr'><strong>Romanos,</strong></span> <span class='ocrx_word' id='word_1_74' title='bbox 1119 715 1321 751; x_wconf 89' lang='lat' dir='ltr'><strong>consultus</strong></span> <span class='ocrx_word' id='word_1_75' title='bbox 1341 714 1392 752; x_wconf 82' lang='lat' dir='ltr'><strong>ab</strong></span> <span class='ocrx_word' id='word_1_76' title='bbox 1419 713 1558 752; x_wconf 90' lang='lat' dir='ltr'><strong>nuntio</strong></span> 
     </span>
     <span class='ocr_line' id='line_1_11' title="bbox 231 776 1559 827; baseline 0.002 -13"><span class='ocrx_word' id='word_1_77' title='bbox 231 776 298 814; x_wconf 90' lang='lat' dir='ltr'><strong>filii</strong></span> <span class='ocrx_word' id='word_1_78' title='bbox 319 776 471 815; x_wconf 91' lang='lat' dir='ltr'><strong>censuit</strong></span> <span class='ocrx_word' id='word_1_79' title='bbox 499 790 637 816; x_wconf 93' lang='lat' dir='ltr'><strong>omnes</strong></span> <span class='ocrx_word' id='word_1_80' title='bbox 665 777 757 816; x_wconf 90' lang='lat' dir='ltr'><strong>inde</strong></span> <span class='ocrx_word' id='word_1_81' title='bbox 785 791 903 827; x_wconf 85' lang='lat' dir='ltr'><strong>quarn</strong></span> <span class='ocrx_word' id='word_1_82' title='bbox 934 777 1104 827; x_wconf 89' lang='lat' dir='ltr'><strong>primum</strong></span> <span class='ocrx_word' id='word_1_83' title='bbox 1132 778 1339 816; x_wconf 81' lang='lat' dir='ltr'><strong>inviolatos</strong></span> <span class='ocrx_word' id='word_1_84' title='bbox 1361 778 1559 817; x_wconf 87' lang='lat' dir='ltr'><strong>dimitten-</strong></span> 
     </span>
     <span class='ocr_line' id='line_1_12' title="bbox 193 842 1558 893; baseline 0.002 -14"><span class='ocrx_word' id='word_1_85' title='bbox 193 854 209 887; x_wconf 86' lang='lat'>7</span> <span class='ocrx_word' id='word_1_86' title='bbox 230 842 313 880; x_wconf 84' lang='lat' dir='ltr'><strong>dos.</strong></span> <span class='ocrx_word' id='word_1_87' title='bbox 374 855 476 892; x_wconf 88' lang='lat' dir='ltr'><strong>quae</strong></span> <span class='ocrx_word' id='word_1_88' title='bbox 506 842 573 880; x_wconf 89' lang='lat' dir='ltr'><strong>ubi</strong></span> <span class='ocrx_word' id='word_1_89' title='bbox 607 850 736 892; x_wconf 86' lang='lat' dir='ltr'><strong>spreta</strong></span> <span class='ocrx_word' id='word_1_90' title='bbox 770 843 964 881; x_wconf 87' lang='lat' dir='ltr'><strong>sententia</strong></span> <span class='ocrx_word' id='word_1_91' title='bbox 997 851 1055 882; x_wconf 89' lang='lat' dir='ltr'><strong>est</strong></span> <span class='ocrx_word' id='word_1_92' title='bbox 1081 843 1301 893; x_wconf 85' lang='lat' dir='ltr'><strong>iterumque</strong></span> <span class='ocrx_word' id='word_1_93' title='bbox 1331 845 1474 882; x_wconf 88' lang='lat' dir='ltr'><strong>eodem</strong></span> <span class='ocrx_word' id='word_1_94' title='bbox 1504 858 1558 882; x_wconf 93' lang='lat' dir='ltr'><strong>re-</strong></span> 
     </span>
     <span class='ocr_line' id='line_1_13' title="bbox 229 907 1558 954; baseline 0.002 -10"><span class='ocrx_word' id='word_1_95' title='bbox 229 914 385 945; x_wconf 84' lang='lat' dir='ltr'><strong>meante</strong></span> <span class='ocrx_word' id='word_1_96' title='bbox 405 907 544 946; x_wconf 91' lang='lat' dir='ltr'><strong>nuntio</strong></span> <span class='ocrx_word' id='word_1_97' title='bbox 565 908 855 954; x_wconf 84' lang='lat' dir='ltr'><strong>consulebatur,</strong></span> <span class='ocrx_word' id='word_1_98' title='bbox 876 907 1029 946; x_wconf 87' lang='lat' dir='ltr'><strong>censuit</strong></span> <span class='ocrx_word' id='word_1_99' title='bbox 1056 909 1107 946; x_wconf 89' lang='lat' dir='ltr'><strong>ad</strong></span> <span class='ocrx_word' id='word_1_100' title='bbox 1134 922 1257 946; x_wconf 88' lang='lat' dir='ltr'><strong>unum</strong></span> <span class='ocrx_word' id='word_1_101' title='bbox 1286 922 1424 947; x_wconf 91' lang='lat' dir='ltr'><strong>omnes</strong></span> <span class='ocrx_word' id='word_1_102' title='bbox 1445 908 1558 947; x_wconf 89' lang='lat' dir='ltr'><strong>inter—</strong></span> 
     </span>
     <span class='ocr_line' id='line_1_14' title="bbox 191 971 1557 1023; baseline 0 -12"><span class='ocrx_word' id='word_1_103' title='bbox 191 982 208 1011; x_wconf 89' lang='lat' dir='ltr'>S</span> <span class='ocrx_word' id='word_1_104' title='bbox 229 971 431 1010; x_wconf 88' lang='lat' dir='ltr'><strong>ficiendos.</strong></span> <span class='ocrx_word' id='word_1_105' title='bbox 491 985 592 1022; x_wconf 89' lang='lat' dir='ltr'><strong>quae</strong></span> <span class='ocrx_word' id='word_1_106' title='bbox 612 972 678 1010; x_wconf 92' lang='lat' dir='ltr'><strong>ubi</strong></span> <span class='ocrx_word' id='word_1_107' title='bbox 701 981 779 1010; x_wconf 86' lang='lat' dir='ltr'><strong>tam</strong></span> <span class='ocrx_word' id='word_1_108' title='bbox 806 972 1002 1010; x_wconf 86' lang='lat' dir='ltr'><strong>discordia</strong></span> <span class='ocrx_word' id='word_1_109' title='bbox 1023 973 1122 1012; x_wconf 88' lang='lat' dir='ltr'><strong>inter</strong></span> <span class='ocrx_word' id='word_1_110' title='bbox 1142 987 1183 1012; x_wconf 88' lang='lat' dir='ltr'><strong>se</strong></span> <span class='ocrx_word' id='word_1_111' title='bbox 1204 975 1309 1011; x_wconf 88' lang='lat' dir='ltr'><strong>velut</strong></span> <span class='ocrx_word' id='word_1_112' title='bbox 1331 987 1376 1012; x_wconf 79' lang='lat' dir='ltr'><strong>ex</strong></span> <span class='ocrx_word' id='word_1_113' title='bbox 1397 973 1557 1023; x_wconf 87' lang='lat' dir='ltr'><strong>ancipiti</strong></span> 
     </span>
     <span class='ocr_line' id='line_1_15' title="bbox 229 1037 1557 1088; baseline 0.002 -14"><span class='ocrx_word' id='word_1_114' title='bbox 229 1037 388 1074; x_wconf 89' lang='lat' dir='ltr'><strong>oraculo</strong></span> <span class='ocrx_word' id='word_1_115' title='bbox 409 1049 596 1086; x_wconf 88' lang='lat' dir='ltr'><strong>responsa</strong></span> <span class='ocrx_word' id='word_1_116' title='bbox 616 1038 707 1075; x_wconf 87' lang='lat' dir='ltr'><strong>data</strong></span> <span class='ocrx_word' id='word_1_117' title='bbox 735 1045 836 1084; x_wconf 83' lang='lat' dir='ltr'><strong>sunt,</strong></span> <span class='ocrx_word' id='word_1_118' title='bbox 860 1050 1101 1087; x_wconf 87' lang='lat' dir='ltr'><strong>quamquam</strong></span> <span class='ocrx_word' id='word_1_119' title='bbox 1130 1037 1231 1076; x_wconf 86' lang='lat' dir='ltr'><strong>filius</strong></span> <span class='ocrx_word' id='word_1_120' title='bbox 1258 1038 1342 1088; x_wconf 88' lang='lat' dir='ltr'><strong>ipse</strong></span> <span class='ocrx_word' id='word_1_121' title='bbox 1363 1038 1402 1076; x_wconf 93' lang='lat' dir='ltr'><strong>in</strong></span> <span class='ocrx_word' id='word_1_122' title='bbox 1424 1038 1557 1088; x_wconf 87' lang='lat' dir='ltr'><strong>primis</strong></span> 
     </span>
     <span class='ocr_line' id='line_1_16' title="bbox 229 1101 1558 1153; baseline 0.002 -14"><span class='ocrx_word' id='word_1_123' title='bbox 229 1101 305 1139; x_wconf 94' lang='lat' dir='ltr'><strong>iam</strong></span> <span class='ocrx_word' id='word_1_124' title='bbox 333 1101 509 1140; x_wconf 90' lang='lat' dir='ltr'><strong>animum</strong></span> <span class='ocrx_word' id='word_1_125' title='bbox 535 1115 695 1152; x_wconf 85' lang='lat' dir='ltr'><strong>quoque</strong></span> <span class='ocrx_word' id='word_1_126' title='bbox 725 1101 843 1152; x_wconf 85' lang='lat' dir='ltr'><strong>patris·</strong></span> <span class='ocrx_word' id='word_1_127' title='bbox 873 1101 1128 1140; x_wconf 88' lang='lat' dir='ltr'><strong>consenuisse</strong></span> <span class='ocrx_word' id='word_1_128' title='bbox 1156 1102 1195 1140; x_wconf 92' lang='lat' dir='ltr'><strong>in</strong></span> <span class='ocrx_word' id='word_1_129' title='bbox 1215 1104 1374 1142; x_wconf 85' lang='lat' dir='ltr'><strong>adfecto</strong></span> <span class='ocrx_word' id='word_1_130' title='bbox 1395 1116 1558 1153; x_wconf 88' lang='lat' dir='ltr'><strong>corpore</strong></span> 
     </span>
     <span class='ocr_line' id='line_1_17' title="bbox 230 1166 1557 1219; baseline 0.002 -15"><span class='ocrx_word' id='word_1_131' title='bbox 230 1166 395 1213; x_wconf 89' lang='lat' dir='ltr'><strong>rebatur,</strong></span> <span class='ocrx_word' id='word_1_132' title='bbox 428 1174 560 1205; x_wconf 87' lang='lat' dir='ltr'><strong>tamen</strong></span> <span class='ocrx_word' id='word_1_133' title='bbox 593 1180 787 1205; x_wconf 90' lang='lat' dir='ltr'><strong>consensu</strong></span> <span class='ocrx_word' id='word_1_134' title='bbox 819 1166 997 1205; x_wconf 91' lang='lat' dir='ltr'><strong>omnium</strong></span> <span class='ocrx_word' id='word_1_135' title='bbox 1029 1166 1153 1205; x_wconf 89' lang='lat' dir='ltr'><strong>victus</strong></span> <span class='ocrx_word' id='word_1_136' title='bbox 1184 1175 1253 1215; x_wconf 81' lang='lat' dir='ltr'><strong>est,</strong></span> <span class='ocrx_word' id='word_1_137' title='bbox 1287 1175 1329 1206; x_wconf 91' lang='lat' dir='ltr'><strong>ut</strong></span> <span class='ocrx_word' id='word_1_138' title='bbox 1359 1168 1487 1219; x_wconf 90' lang='lat' dir='ltr'><strong>ipsum</strong></span> <span class='ocrx_word' id='word_1_139' title='bbox 1518 1169 1557 1207; x_wconf 95' lang='lat' dir='ltr'><strong>in</strong></span> 
     </span>
     <span class='ocr_line' id='line_1_18' title="bbox 190 1230 1558 1282; baseline 0.004 -14"><span class='ocrx_word' id='word_1_140' title='bbox 190 1230 437 1282; x_wconf 87' lang='lat' dir='ltr'><strong>9consilium</strong></span> <span class='ocrx_word' id='word_1_141' title='bbox 467 1231 620 1269; x_wconf 88' lang='lat' dir='ltr'><strong>acciret.</strong></span> <span class='ocrx_word' id='word_1_142' title='bbox 681 1245 753 1269; x_wconf 86' lang='lat' dir='ltr'><strong>nec</strong></span> <span class='ocrx_word' id='word_1_143' title='bbox 787 1239 966 1281; x_wconf 84' lang='lat' dir='ltr'><strong>gravatus</strong></span> <span class='ocrx_word' id='word_1_144' title='bbox 1000 1245 1119 1270; x_wconf 82' lang='lat' dir='ltr'><strong>senex</strong></span> <span class='ocrx_word' id='word_1_145' title='bbox 1153 1234 1326 1282; x_wconf 90' lang='lat' dir='ltr'><strong>plaustro</strong></span> <span class='ocrx_word' id='word_1_146' title='bbox 1360 1233 1399 1271; x_wconf 92' lang='lat' dir='ltr'><strong>in</strong></span> <span class='ocrx_word' id='word_1_147' title='bbox 1434 1242 1558 1273; x_wconf 88' lang='lat' dir='ltr'><strong>castra</strong></span> 
     </span>
     <span class='ocr_line' id='line_1_19' title="bbox 229 1295 1556 1346; baseline 0.003 -13"><span class='ocrx_word' id='word_1_148' title='bbox 229 1295 371 1334; x_wconf 90' lang='lat' dir='ltr'><strong>dicitur</strong></span> <span class='ocrx_word' id='word_1_149' title='bbox 391 1297 580 1334; x_wconf 86' lang='lat' dir='ltr'><strong>advectus</strong></span> <span class='ocrx_word' id='word_1_150' title='bbox 601 1304 843 1346; x_wconf 80' lang='lat' dir='ltr'><strong>vocatusque</strong></span> <span class='ocrx_word' id='word_1_151' title='bbox 871 1296 909 1334; x_wconf 92' lang='lat' dir='ltr'><strong>in</strong></span> <span class='ocrx_word' id='word_1_152' title='bbox 938 1297 1147 1335; x_wconf 89' lang='lat' dir='ltr'><strong>consilium</strong></span> <span class='ocrx_word' id='word_1_153' title='bbox 1175 1297 1227 1335; x_wconf 90' lang='lat' dir='ltr'><strong>ita</strong></span> <span class='ocrx_word' id='word_1_154' title='bbox 1254 1299 1374 1337; x_wconf 89' lang='lat' dir='ltr'><strong>ferme</strong></span> <span class='ocrx_word' id='word_1_155' title='bbox 1402 1300 1556 1338; x_wconf 87' lang='lat' dir='ltr'><strong>locutus</strong></span> 
     </span>
     <span class='ocr_line' id='line_1_20' title="bbox 229 1360 1557 1409; baseline 0.003 -11"><span class='ocrx_word' id='word_1_156' title='bbox 229 1373 324 1408; x_wconf 91' lang='lat' dir='ltr'><strong>esse,</strong></span> <span class='ocrx_word' id='word_1_157' title='bbox 355 1368 396 1399; x_wconf 88' lang='lat' dir='ltr'><strong>ut</strong></span> <span class='ocrx_word' id='word_1_158' title='bbox 426 1360 522 1398; x_wconf 85' lang='lat' dir='ltr'><strong>nihil</strong></span> <span class='ocrx_word' id='word_1_159' title='bbox 554 1361 771 1399; x_wconf 87' lang='lat' dir='ltr'><strong>sententiae</strong></span> <span class='ocrx_word' id='word_1_160' title='bbox 801 1374 894 1399; x_wconf 87' lang='lat' dir='ltr'><strong>suae</strong></span> <span class='ocrx_word' id='word_1_161' title='bbox 925 1369 1103 1409; x_wconf 85' lang='lat' dir='ltr'><strong>mutaret,</strong></span> <span class='ocrx_word' id='word_1_162' title='bbox 1132 1375 1268 1400; x_wconf 83' lang='lat' dir='ltr'><strong>causas</strong></span> <span class='ocrx_word' id='word_1_163' title='bbox 1298 1370 1451 1402; x_wconf 85' lang='lat' dir='ltr'><strong>tantum</strong></span> <span class='ocrx_word' id='word_1_164' title='bbox 1478 1364 1557 1403; x_wconf 91' lang='lat' dir='ltr'><strong>adi-</strong></span> 
     </span>
     <span class='ocr_line' id='line_1_21' title="bbox 171 1425 1557 1479; baseline 0.001 -13"><span class='ocrx_word' id='word_1_165' title='bbox 171 1444 209 1467; x_wconf 91' lang='lat'><strong>10</strong></span> <span class='ocrx_word' id='word_1_166' title='bbox 229 1434 333 1464; x_wconf 88' lang='lat' dir='ltr'><strong>ceret</strong></span> <span class='ocrx_word' id='word_1_167' title='bbox 351 1441 357 1463; x_wconf 91' lang='lat'><strong>:</strong></span> <span class='ocrx_word' id='word_1_168' title='bbox 385 1425 512 1476; x_wconf 89' lang='lat' dir='ltr'><strong>priore</strong></span> <span class='ocrx_word' id='word_1_169' title='bbox 534 1439 574 1464; x_wconf 89' lang='lat' dir='ltr'><strong>se</strong></span> <span class='ocrx_word' id='word_1_170' title='bbox 591 1426 767 1474; x_wconf 86' lang='lat' dir='ltr'><strong>consilio,</strong></span> <span class='ocrx_word' id='word_1_171' title='bbox 785 1428 894 1476; x_wconf 91' lang='lat' dir='ltr'><strong>quod</strong></span> <span class='ocrx_word' id='word_1_172' title='bbox 911 1426 1104 1476; x_wconf 90' lang='lat' dir='ltr'><strong>optimum</strong></span> <span class='ocrx_word' id='word_1_173' title='bbox 1121 1428 1293 1475; x_wconf 87' lang='lat' dir='ltr'><strong>duceret,</strong></span> <span class='ocrx_word' id='word_1_174' title='bbox 1312 1441 1401 1466; x_wconf 90' lang='lat' dir='ltr'><strong>cum</strong></span> <span class='ocrx_word' id='word_1_175' title='bbox 1423 1437 1557 1479; x_wconf 89' lang='lat' dir='ltr'><strong>poten-</strong></span> 
     </span>
     <span class='ocr_line' id='line_1_22' title="bbox 228 1490 1557 1542; baseline 0.004 -14"><span class='ocrx_word' id='word_1_176' title='bbox 228 1490 378 1539; x_wconf 84' lang='lat' dir='ltr'><strong>tissimo</strong></span> <span class='ocrx_word' id='word_1_177' title='bbox 413 1492 562 1541; x_wconf 88' lang='lat' dir='ltr'><strong>populo</strong></span> <span class='ocrx_word' id='word_1_178' title='bbox 596 1504 664 1541; x_wconf 90' lang='lat' dir='ltr'><strong>per</strong></span> <span class='ocrx_word' id='word_1_179' title='bbox 699 1491 836 1541; x_wconf 80' lang='lat' dir='ltr'><strong>ingens</strong></span> <span class='ocrx_word' id='word_1_180' title='bbox 871 1491 1109 1530; x_wconf 90' lang='lat' dir='ltr'><strong>beneficium</strong></span> <span class='ocrx_word' id='word_1_181' title='bbox 1144 1500 1373 1542; x_wconf 87' lang='lat' dir='ltr'><strong>perpetuam</strong></span> <span class='ocrx_word' id='word_1_182' title='bbox 1405 1495 1557 1533; x_wconf 86' lang='lat' dir='ltr'><strong>firmare</strong></span> 
     </span>
     <span class='ocr_line' id='line_1_23' title="bbox 227 1555 1554 1608; baseline 0.004 -14"><span class='ocrx_word' id='word_1_183' title='bbox 227 1568 365 1605; x_wconf 85' lang='lat' dir='ltr'><strong>pacem</strong></span> <span class='ocrx_word' id='word_1_184' title='bbox 405 1555 724 1605; x_wconf 79' lang='lat' dir='ltr'><strong>amicitiamque3</strong></span> <span class='ocrx_word' id='word_1_185' title='bbox 771 1558 894 1594; x_wconf 88' lang='lat' dir='ltr'><strong>altero</strong></span> <span class='ocrx_word' id='word_1_186' title='bbox 932 1556 1098 1594; x_wconf 89' lang='lat' dir='ltr'><strong>consilio</strong></span> <span class='ocrx_word' id='word_1_187' title='bbox 1136 1556 1176 1594; x_wconf 92' lang='lat' dir='ltr'><strong>in</strong></span> <span class='ocrx_word' id='word_1_188' title='bbox 1216 1559 1357 1597; x_wconf 91' lang='lat' dir='ltr'><strong>multas</strong></span> <span class='ocrx_word' id='word_1_189' title='bbox 1395 1567 1554 1608; x_wconf 81' lang='lat' dir='ltr'><strong>aetateS‚</strong></span> 
     </span>
     <span class='ocr_line' id='line_1_24' title="bbox 227 1620 1556 1675; baseline 0.005 -17"><span class='ocrx_word' id='word_1_190' title='bbox 227 1620 372 1670; x_wconf 87' lang='lat' dir='ltr'><strong>quibus</strong></span> <span class='ocrx_word' id='word_1_191' title='bbox 411 1620 564 1658; x_wconf 89' lang='lat' dir='ltr'><strong>amissis</strong></span> <span class='ocrx_word' id='word_1_192' title='bbox 603 1621 761 1660; x_wconf 89' lang='lat' dir='ltr'><strong>duobus</strong></span> <span class='ocrx_word' id='word_1_193' title='bbox 801 1621 1034 1660; x_wconf 78' lang='lat' dir='ltr'><strong>exercitibus</strong></span> <span class='ocrx_word' id='word_1_194' title='bbox 1066 1623 1172 1661; x_wconf 89' lang='lat' dir='ltr'><strong>haud</strong></span> <span class='ocrx_word' id='word_1_195' title='bbox 1208 1623 1319 1662; x_wconf 87' lang='lat' dir='ltr'><strong>facile</strong></span> <span class='ocrx_word' id='word_1_196' title='bbox 1354 1633 1556 1675; x_wconf 89' lang='lat' dir='ltr'><strong>receptura</strong></span> 
     </span>
     <span class='ocr_line' id='line_1_25' title="bbox 226 1686 1555 1734; baseline 0.004 -11"><span class='ocrx_word' id='word_1_197' title='bbox 226 1686 324 1724; x_wconf 82' lang='lat' dir='ltr'><strong>vires</strong></span> <span class='ocrx_word' id='word_1_198' title='bbox 347 1686 528 1723; x_wconf 85' lang='lat' dir='ltr'><strong>Romana</strong></span> <span class='ocrx_word' id='word_1_199' title='bbox 549 1699 618 1733; x_wconf 91' lang='lat' dir='ltr'><strong>res,</strong></span> <span class='ocrx_word' id='word_1_200' title='bbox 637 1686 786 1724; x_wconf 91' lang='lat' dir='ltr'><strong>bellum</strong></span> <span class='ocrx_word' id='word_1_201' title='bbox 807 1686 960 1725; x_wconf 85' lang='lat' dir='ltr'><strong>differre</strong></span> <span class='ocrx_word' id='word_1_202' title='bbox 974 1701 985 1734; x_wconf 79' lang='lat'><em>3</em></span> <span class='ocrx_word' id='word_1_203' title='bbox 1005 1686 1162 1725; x_wconf 88' lang='lat' dir='ltr'><strong>tertium</strong></span> <span class='ocrx_word' id='word_1_204' title='bbox 1179 1689 1329 1726; x_wconf 89' lang='lat' dir='ltr'><strong>nullum</strong></span> <span class='ocrx_word' id='word_1_205' title='bbox 1347 1689 1555 1728; x_wconf 91' lang='lat' dir='ltr'><strong>consilium</strong></span> 
     </span>
     <span class='ocr_line' id='line_1_26' title="bbox 169 1751 1556 1805; baseline 0.004 -17"><span class='ocrx_word' id='word_1_206' title='bbox 169 1770 202 1792; x_wconf 83' lang='lat'><strong>11</strong></span> <span class='ocrx_word' id='word_1_207' title='bbox 226 1764 321 1789; x_wconf 83' lang='lat' dir='ltr'><strong>esse.</strong></span> <span class='ocrx_word' id='word_1_208' title='bbox 372 1765 462 1789; x_wconf 89' lang='lat' dir='ltr'><strong>cum</strong></span> <span class='ocrx_word' id='word_1_209' title='bbox 484 1751 585 1789; x_wconf 86' lang='lat' dir='ltr'><strong>filius</strong></span> <span class='ocrx_word' id='word_1_210' title='bbox 605 1751 749 1801; x_wconf 91' lang='lat' dir='ltr'><strong>aliique</strong></span> <span class='ocrx_word' id='word_1_211' title='bbox 770 1752 965 1802; x_wconf 88' lang='lat' dir='ltr'><strong>principes</strong></span> <span class='ocrx_word' id='word_1_212' title='bbox 986 1754 1282 1802; x_wconf 89' lang='lat' dir='ltr'><strong>percunctando</strong></span> <span class='ocrx_word' id='word_1_213' title='bbox 1303 1767 1556 1805; x_wconf 81' lang='lat' dir='ltr'><strong>exsequeren-</strong></span> 
     </span>
     <span class='ocr_line' id='line_1_27' title="bbox 227 1816 1556 1868; baseline 0.005 -14"><span class='ocrx_word' id='word_1_214' title='bbox 227 1824 297 1863; x_wconf 82' lang='lat' dir='ltr'><strong>tur,</strong></span> <span class='ocrx_word' id='word_1_215' title='bbox 319 1819 327 1835; x_wconf 87' lang='lat'>‘</span> <span class='ocrx_word' id='word_1_216' title='bbox 341 1816 448 1866; x_wconf 92' lang='lat' dir='ltr'><strong>quid,</strong></span> <span class='ocrx_word' id='word_1_217' title='bbox 465 1816 495 1854; x_wconf 95' lang='lat' dir='ltr'><strong>si</strong></span> <span class='ocrx_word' id='word_1_218' title='bbox 518 1816 648 1856; x_wconf 90' lang='lat' dir='ltr'><strong>media</strong></span> <span class='ocrx_word' id='word_1_219' title='bbox 663 1817 725 1855; x_wconf 83' lang='lat' dir='ltr'><strong>via</strong></span> <span class='ocrx_word' id='word_1_220' title='bbox 740 1817 892 1856; x_wconf 90' lang='lat' dir='ltr'><strong>consilii</strong></span> <span class='ocrx_word' id='word_1_221' title='bbox 910 1826 1123 1868; x_wconf 89' lang='lat' dir='ltr'><strong>caperetur,</strong></span> <span class='ocrx_word' id='word_1_222' title='bbox 1147 1826 1188 1857; x_wconf 92' lang='lat' dir='ltr'><strong>ut</strong></span> <span class='ocrx_word' id='word_1_223' title='bbox 1210 1826 1247 1857; x_wconf 92' lang='lat' dir='ltr'><strong>et</strong></span> <span class='ocrx_word' id='word_1_224' title='bbox 1268 1819 1556 1860; x_wconf 86' lang='lat' dir='ltr'><strong>dimitterentur</strong></span> 
     </span>
     <span class='ocr_line' id='line_1_28' title="bbox 170 1882 1557 1934; baseline 0.004 -15"><span class='ocrx_word' id='word_1_225' title='bbox 170 1903 204 1924; x_wconf 79' lang='lat'><strong>12</strong></span> <span class='ocrx_word' id='word_1_226' title='bbox 227 1882 445 1920; x_wconf 90' lang='lat' dir='ltr'><strong>incolumes</strong></span> <span class='ocrx_word' id='word_1_227' title='bbox 467 1889 504 1920; x_wconf 89' lang='lat' dir='ltr'><strong>et</strong></span> <span class='ocrx_word' id='word_1_228' title='bbox 535 1883 638 1932; x_wconf 84' lang='lat' dir='ltr'><strong>leges</strong></span> <span class='ocrx_word' id='word_1_229' title='bbox 664 1882 709 1920; x_wconf 90' lang='lat' dir='ltr'><strong>iis</strong></span> <span class='ocrx_word' id='word_1_230' title='bbox 734 1882 817 1922; x_wconf 90' lang='lat' dir='ltr'><strong>iure</strong></span> <span class='ocrx_word' id='word_1_231' title='bbox 844 1883 935 1922; x_wconf 89' lang='lat' dir='ltr'><strong>belli</strong></span> <span class='ocrx_word' id='word_1_232' title='bbox 961 1883 1071 1922; x_wconf 88' lang='lat' dir='ltr'><strong>victis</strong></span> <span class='ocrx_word' id='word_1_233' title='bbox 1099 1883 1395 1934; x_wconf 88' lang='lat' dir='ltr'><strong>imponerentur</strong></span> <span class='ocrx_word' id='word_1_234' title='bbox 1408 1888 1427 1933; x_wconf 84' lang='lat'><strong>⁷,</strong></span> <span class='ocrx_word' id='word_1_235' title='bbox 1460 1890 1557 1925; x_wconf 84' lang='lat' dir='ltr'><strong>‘ista</strong></span> 
     </span>
     <span class='ocr_line' id='line_1_29' title="bbox 227 1947 1556 2002; baseline 0.004 -17"><span class='ocrx_word' id='word_1_236' title='bbox 227 1947 389 1997; x_wconf 89' lang='lat' dir='ltr'><strong>quidem</strong></span> <span class='ocrx_word' id='word_1_237' title='bbox 411 1947 626 1986; x_wconf 83' lang='lat' dir='ltr'><strong>sententia⁷</strong></span> <span class='ocrx_word' id='word_1_238' title='bbox 648 1948 773 1998; x_wconf 92' lang='lat' dir='ltr'><strong>inquit</strong></span> <span class='ocrx_word' id='word_1_239' title='bbox 795 1951 864 1987; x_wconf 76' lang='lat' dir='ltr'><strong>‘ea</strong></span> <span class='ocrx_word' id='word_1_240' title='bbox 891 1957 960 1996; x_wconf 87' lang='lat' dir='ltr'><strong>est,</strong></span> <span class='ocrx_word' id='word_1_241' title='bbox 984 1963 1085 1999; x_wconf 84' lang='lat' dir='ltr'><strong>quae</strong></span> <span class='ocrx_word' id='word_1_242' title='bbox 1114 1963 1245 2000; x_wconf 86' lang='lat' dir='ltr'><strong>neque</strong></span> <span class='ocrx_word' id='word_1_243' title='bbox 1271 1950 1419 1990; x_wconf 81' lang='lat' dir='ltr'><strong>amicos</strong></span> <span class='ocrx_word' id='word_1_244' title='bbox 1447 1960 1556 2002; x_wconf 87' lang='lat' dir='ltr'><strong>parat</strong></span> 
     </span>
     <span class='ocr_line' id='line_1_30' title="bbox 229 2011 1557 2064; baseline 0.004 -15"><span class='ocrx_word' id='word_1_245' title='bbox 229 2026 302 2050; x_wconf 92' lang='lat' dir='ltr'><strong>nec</strong></span> <span class='ocrx_word' id='word_1_246' title='bbox 324 2011 505 2050; x_wconf 90' lang='lat' dir='ltr'><strong>inimicos</strong></span> <span class='ocrx_word' id='word_1_247' title='bbox 526 2012 636 2051; x_wconf 90' lang='lat' dir='ltr'><strong>tollit.</strong></span> <span class='ocrx_word' id='word_1_248' title='bbox 679 2021 829 2052; x_wconf 87' lang='lat' dir='ltr'><strong>servate</strong></span> <span class='ocrx_word' id='word_1_249' title='bbox 852 2015 973 2052; x_wconf 90' lang='lat' dir='ltr'><strong>modo</strong></span> <span class='ocrx_word' id='word_1_250' title='bbox 1000 2028 1101 2064; x_wconf 89' lang='lat' dir='ltr'><strong>quos</strong></span> <span class='ocrx_word' id='word_1_251' title='bbox 1122 2015 1337 2064; x_wconf 85' lang='lat' dir='ltr'><strong>ignominia</strong></span> <span class='ocrx_word' id='word_1_252' title='bbox 1357 2015 1557 2055; x_wconf 78' lang='lat' dir='ltr'><strong>irritaveri-</strong></span> 
     </span>
     <span class='ocr_line' id='line_1_31' title="bbox 169 2077 1555 2129; baseline 0.005 -14"><span class='ocrx_word' id='word_1_253' title='bbox 169 2094 206 2125; x_wconf 82' lang='lat'><strong>¹3</strong></span> <span class='ocrx_word' id='word_1_254' title='bbox 227 2077 275 2115; x_wconf 88' lang='lat' dir='ltr'><strong>tis</strong></span> <span class='ocrx_word' id='word_1_255' title='bbox 292 2093 299 2116; x_wconf 89' lang='lat'>:</span> <span class='ocrx_word' id='word_1_256' title='bbox 330 2090 375 2115; x_wconf 90' lang='lat' dir='ltr'><strong>ea</strong></span> <span class='ocrx_word' id='word_1_257' title='bbox 396 2084 453 2115; x_wconf 88' lang='lat' dir='ltr'><strong>est</strong></span> <span class='ocrx_word' id='word_1_258' title='bbox 476 2079 659 2116; x_wconf 86' lang='lat' dir='ltr'><strong>Romana</strong></span> <span class='ocrx_word' id='word_1_259' title='bbox 674 2092 781 2128; x_wconf 83' lang='lat' dir='ltr'><strong>gens,</strong></span> <span class='ocrx_word' id='word_1_260' title='bbox 800 2092 901 2128; x_wconf 89' lang='lat' dir='ltr'><strong>quae</strong></span> <span class='ocrx_word' id='word_1_261' title='bbox 917 2079 1019 2117; x_wconf 71' lang='lat' dir='ltr'><strong>victa</strong></span> <span class='ocrx_word' id='word_1_262' title='bbox 1035 2079 1236 2129; x_wconf 87' lang='lat' dir='ltr'><strong>quiescere</strong></span> <span class='ocrx_word' id='word_1_263' title='bbox 1253 2080 1412 2120; x_wconf 88' lang='lat' dir='ltr'><strong>nesciat.</strong></span> <span class='ocrx_word' id='word_1_264' title='bbox 1454 2082 1555 2122; x_wconf 79' lang='lat' dir='ltr'><strong>vivet</strong></span> 
     </span>
     <span class='ocr_line' id='line_1_32' title="bbox 228 2141 1556 2194; baseline 0.005 -15"><span class='ocrx_word' id='word_1_265' title='bbox 228 2155 381 2192; x_wconf 87' lang='lat' dir='ltr'><strong>semper</strong></span> <span class='ocrx_word' id='word_1_266' title='bbox 401 2141 441 2179; x_wconf 89' lang='lat' dir='ltr'><strong>in</strong></span> <span class='ocrx_word' id='word_1_267' title='bbox 462 2142 687 2191; x_wconf 88' lang='lat' dir='ltr'><strong>pectoribus</strong></span> <span class='ocrx_word' id='word_1_268' title='bbox 709 2143 863 2182; x_wconf 88' lang='lat' dir='ltr'><strong>illorum</strong></span> <span class='ocrx_word' id='word_1_269' title='bbox 885 2144 1080 2194; x_wconf 90' lang='lat' dir='ltr'><strong>quidquid</strong></span> <span class='ocrx_word' id='word_1_270' title='bbox 1101 2144 1200 2183; x_wconf 91' lang='lat' dir='ltr'><strong>istuc</strong></span> <span class='ocrx_word' id='word_1_271' title='bbox 1220 2158 1404 2194; x_wconf 85' lang='lat' dir='ltr'><strong>praesens</strong></span> <span class='ocrx_word' id='word_1_272' title='bbox 1425 2160 1556 2185; x_wconf 90' lang='lat' dir='ltr'><strong>neces-</strong></span> 
     </span>
     <span class='ocr_line' id='line_1_33' title="bbox 227 2207 1554 2261; baseline 0.005 -16"><span class='ocrx_word' id='word_1_273' title='bbox 227 2207 319 2246; x_wconf 89' lang='lat' dir='ltr'><strong>sitas</strong></span> <span class='ocrx_word' id='word_1_274' title='bbox 345 2207 535 2254; x_wconf 89' lang='lat' dir='ltr'><strong>inusserit‚</strong></span> <span class='ocrx_word' id='word_1_275' title='bbox 560 2221 634 2246; x_wconf 91' lang='lat' dir='ltr'><strong>nec</strong></span> <span class='ocrx_word' id='word_1_276' title='bbox 661 2221 728 2247; x_wconf 88' lang='lat' dir='ltr'><strong>eos</strong></span> <span class='ocrx_word' id='word_1_277' title='bbox 756 2216 847 2247; x_wconf 90' lang='lat' dir='ltr'><strong>ante</strong></span> <span class='ocrx_word' id='word_1_278' title='bbox 873 2209 1108 2259; x_wconf 86' lang='lat' dir='ltr'><strong>multiplices</strong></span> <span class='ocrx_word' id='word_1_279' title='bbox 1136 2223 1285 2260; x_wconf 84' lang='lat' dir='ltr'><strong>poenas</strong></span> <span class='ocrx_word' id='word_1_280' title='bbox 1314 2211 1502 2261; x_wconf 81' lang='lat' dir='ltr'><strong>expetitas</strong></span> <span class='ocrx_word' id='word_1_281' title='bbox 1532 2226 1554 2251; x_wconf 86' lang='lat' dir='ltr'><strong>a</strong></span> 
     </span>
     <span class='ocr_line' id='line_1_34' title="bbox 183 2273 1554 2325; baseline 0.003 -14"><span class='ocrx_word' id='word_1_282' title='bbox 183 2285 209 2322; x_wconf 95' lang='lat'>4</span> <span class='ocrx_word' id='word_1_283' title='bbox 228 2273 338 2312; x_wconf 91' lang='lat' dir='ltr'><strong>vobis</strong></span> <span class='ocrx_word' id='word_1_284' title='bbox 360 2274 561 2322; x_wconf 87' lang='lat' dir='ltr'><strong>quiescere</strong></span> <span class='ocrx_word' id='word_1_285' title='bbox 582 2273 682 2311; x_wconf 89' lang='lat' dir='ltr'><strong>sinet</strong></span> <span class='ocrx_word' id='word_1_286' title='bbox 697 2275 714 2311; x_wconf 90' lang='lat'><strong>&#39;.</strong></span> <span class='ocrx_word' id='word_1_287' title='bbox 775 2282 911 2312; x_wconf 87' lang='lat' dir='ltr'><strong>neutra</strong></span> <span class='ocrx_word' id='word_1_288' title='bbox 932 2275 1127 2313; x_wconf 87' lang='lat' dir='ltr'><strong>sententia</strong></span> <span class='ocrx_word' id='word_1_289' title='bbox 1142 2284 1304 2325; x_wconf 81' lang='lat' dir='ltr'><strong>accepta</strong></span> <span class='ocrx_word' id='word_1_290' title='bbox 1327 2277 1554 2315; x_wconf 85' lang='lat' dir='ltr'><strong>Herennius</strong></span> 
     </span>
     <span class='ocr_line' id='line_1_35' title="bbox 227 2337 1552 2387; baseline 0.003 -11"><span class='ocrx_word' id='word_1_291' title='bbox 227 2339 391 2376; x_wconf 90' lang='lat' dir='ltr'><strong>domum</strong></span> <span class='ocrx_word' id='word_1_292' title='bbox 423 2350 444 2375; x_wconf 88' lang='lat' dir='ltr'><strong>e</strong></span> <span class='ocrx_word' id='word_1_293' title='bbox 473 2337 607 2376; x_wconf 86' lang='lat' dir='ltr'><strong>castris</strong></span> <span class='ocrx_word' id='word_1_294' title='bbox 637 2346 694 2377; x_wconf 86' lang='lat' dir='ltr'><strong>est</strong></span> <span class='ocrx_word' id='word_1_295' title='bbox 723 2347 908 2387; x_wconf 78' lang='lat' dir='ltr'><strong>avectus;</strong></span> <span class='ocrx_word' id='word_1_296' title='bbox 939 2348 976 2377; x_wconf 88' lang='lat' dir='ltr'><strong>et</strong></span> <span class='ocrx_word' id='word_1_297' title='bbox 1007 2340 1044 2377; x_wconf 91' lang='lat' dir='ltr'><strong>in</strong></span> <span class='ocrx_word' id='word_1_298' title='bbox 1075 2340 1209 2378; x_wconf 88' lang='lat' dir='ltr'><strong>castris</strong></span> <span class='ocrx_word' id='word_1_299' title='bbox 1241 2341 1433 2380; x_wconf 86' lang='lat' dir='ltr'><strong>Romanis</strong></span> <span class='ocrx_word' id='word_1_300' title='bbox 1463 2356 1552 2380; x_wconf 90' lang='lat' dir='ltr'><strong>cum</strong></span> 
     </span>
    </p>
   </div>
  </div>
 </body>
</html>
