<?xml version="1.0" encoding="UTF-8"?>
<!DOCTYPE html PUBLIC "-//W3C//DTD XHTML 1.0 Transitional//EN"
    "http://www.w3.org/TR/xhtml1/DTD/xhtml1-transitional.dtd">
<html xmlns="http://www.w3.org/1999/xhtml" xml:lang="en" lang="en">
 <head>
  <title>
</title>
<meta http-equiv="Content-Type" content="text/html;charset=utf-8" />
  <meta name='ocr-system' content='tesseract 3.04.00' />
  <meta name='ocr-capabilities' content='ocr_page ocr_carea ocr_par ocr_line ocrx_word'/>
</head>
<body>
  <div class='ocr_page' id='page_1' title='image "./aburbeconditalib00livyuoft_0077.png"; bbox 0 0 1747 2620; ppageno 0'>
   <div class='ocr_carea' id='block_1_1' title="bbox 357 132 1306 179">
    <p class='ocr_par' dir='ltr' id='par_1_1' title="bbox 357 132 1306 179">
     <span class='ocr_line' id='line_1_1' title="bbox 357 132 1306 179; baseline -0.004 -8"><span class='ocrx_word' id='word_1_1' title='bbox 357 136 426 171; x_wconf 85' lang='lat' dir='ltr'>AB</span> <span class='ocrx_word' id='word_1_2' title='bbox 457 135 604 170; x_wconf 92' lang='lat' dir='ltr'><strong>VRBE</strong></span> <span class='ocrx_word' id='word_1_3' title='bbox 635 133 892 171; x_wconf 86' lang='lat' dir='ltr'><strong>CONDITA</strong></span> <span class='ocrx_word' id='word_1_4' title='bbox 925 133 1026 169; x_wconf 90' lang='lat' dir='ltr'>LIB.</span> <span class='ocrx_word' id='word_1_5' title='bbox 1060 132 1131 169; x_wconf 92' lang='lat' dir='ltr'>IX.</span> <span class='ocrx_word' id='word_1_6' title='bbox 1163 144 1225 177; x_wconf 87' lang='lat'>42,</span> <span class='ocrx_word' id='word_1_7' title='bbox 1257 143 1306 179; x_wconf 86' lang='lat'>43</span> 
     </span>
    </p>
   </div>
   <div class='ocr_carea' id='block_1_2' title="bbox 165 235 1557 2436">
    <p class='ocr_par' dir='ltr' id='par_1_2' title="bbox 165 235 1557 2436">
     <span class='ocr_line' id='line_1_2' title="bbox 169 235 1492 290; baseline -0.005 -12"><span class='ocrx_word' id='word_1_8' title='bbox 169 242 351 278; x_wconf 87' lang='lat' dir='ltr'>Romana</span> <span class='ocrx_word' id='word_1_9' title='bbox 366 247 485 287; x_wconf 86' lang='lat' dir='ltr'>erant,</span> <span class='ocrx_word' id='word_1_10' title='bbox 509 246 740 290; x_wconf 85' lang='lat' dir='ltr'>expugnata,</span> <span class='ocrx_word' id='word_1_11' title='bbox 762 246 800 276; x_wconf 89' lang='lat' dir='ltr'>et</span> <span class='ocrx_word' id='word_1_12' title='bbox 821 238 860 276; x_wconf 93' lang='lat' dir='ltr'>in</span> <span class='ocrx_word' id='word_1_13' title='bbox 877 238 1119 288; x_wconf 87' lang='lat' dir='ltr'>captivorum</span> <span class='ocrx_word' id='word_1_14' title='bbox 1140 250 1304 287; x_wconf 86' lang='lat' dir='ltr'>corpora</span> <span class='ocrx_word' id='word_1_15' title='bbox 1326 235 1492 273; x_wconf 88' lang='lat' dir='ltr'>militum</span> 
     </span>
     <span class='ocr_line' id='line_1_3' title="bbox 167 300 1530 354; baseline -0.004 -12"><span class='ocrx_word' id='word_1_16' title='bbox 167 306 283 344; x_wconf 89' lang='lat' dir='ltr'>foede</span> <span class='ocrx_word' id='word_1_17' title='bbox 326 305 527 344; x_wconf 88' lang='lat' dir='ltr'>saevitum.</span> <span class='ocrx_word' id='word_1_18' title='bbox 601 304 732 354; x_wconf 91' lang='lat' dir='ltr'>itaque</span> <span class='ocrx_word' id='word_1_19' title='bbox 777 316 825 342; x_wconf 89' lang='lat' dir='ltr'>eo</span> <span class='ocrx_word' id='word_1_20' title='bbox 864 305 905 341; x_wconf 91' lang='lat' dir='ltr'>P.</span> <span class='ocrx_word' id='word_1_21' title='bbox 949 302 1156 342; x_wconf 88' lang='lat' dir='ltr'>Cornelius</span> <span class='ocrx_word' id='word_1_22' title='bbox 1195 315 1285 340; x_wconf 93' lang='lat' dir='ltr'>cum</span> <span class='ocrx_word' id='word_1_23' title='bbox 1324 300 1493 340; x_wconf 84' lang='lat' dir='ltr'>exercitu</span> <span class='ocrx_word' id='word_1_24' title='bbox 1516 316 1530 337; x_wconf 83' lang='lat'><em>2</em></span> 
     </span>
     <span class='ocr_line' id='line_1_4' title="bbox 167 365 1493 418; baseline -0.005 -10"><span class='ocrx_word' id='word_1_25' title='bbox 167 369 307 408; x_wconf 88' lang='lat' dir='ltr'>missus</span> <span class='ocrx_word' id='word_1_26' title='bbox 322 384 332 418; x_wconf 79' lang='lat'><em>3</em></span> <span class='ocrx_word' id='word_1_27' title='bbox 362 369 514 408; x_wconf 89' lang='lat' dir='ltr'>Marcio</span> <span class='ocrx_word' id='word_1_28' title='bbox 536 369 626 408; x_wconf 92' lang='lat' dir='ltr'>novi</span> <span class='ocrx_word' id='word_1_29' title='bbox 648 368 914 407; x_wconf 88' lang='lat' dir='ltr'>hostes—iam</span> <span class='ocrx_word' id='word_1_30' title='bbox 936 367 1040 406; x_wconf 88' lang='lat' dir='ltr'>enim</span> <span class='ocrx_word' id='word_1_31' title='bbox 1058 366 1277 417; x_wconf 81' lang='lat' dir='ltr'>Anagninis</span> <span class='ocrx_word' id='word_1_32' title='bbox 1296 365 1493 404; x_wconf 87' lang='lat' dir='ltr'>Hernicis-</span> 
     </span>
     <span class='ocr_line' id='line_1_5' title="bbox 166 430 1533 484; baseline -0.004 -11"><span class='ocrx_word' id='word_1_33' title='bbox 166 442 243 484; x_wconf 88' lang='lat' dir='ltr'>que</span> <span class='ocrx_word' id='word_1_34' title='bbox 280 433 365 472; x_wconf 91' lang='lat' dir='ltr'>aliis</span> <span class='ocrx_word' id='word_1_35' title='bbox 410 435 557 473; x_wconf 89' lang='lat' dir='ltr'>bellum</span> <span class='ocrx_word' id='word_1_36' title='bbox 604 434 753 472; x_wconf 90' lang='lat' dir='ltr'>iussum</span> <span class='ocrx_word' id='word_1_37' title='bbox 798 433 1210 472; x_wconf 75' lang='lat' dir='ltr'>erat—decernuntur.</span> <span class='ocrx_word' id='word_1_38' title='bbox 1269 430 1396 480; x_wconf 87' lang='lat' dir='ltr'>primo</span> <span class='ocrx_word' id='word_1_39' title='bbox 1442 430 1495 468; x_wconf 89' lang='lat' dir='ltr'>ita</span> <span class='ocrx_word' id='word_1_40' title='bbox 1516 448 1533 478; x_wconf 81' lang='lat'><strong>3</strong></span> 
     </span>
     <span class='ocr_line' id='line_1_6' title="bbox 166 495 1494 549; baseline -0.003 -13"><span class='ocrx_word' id='word_1_41' title='bbox 166 498 300 537; x_wconf 89' lang='lat' dir='ltr'>omnia</span> <span class='ocrx_word' id='word_1_42' title='bbox 329 507 552 549; x_wconf 88' lang='lat' dir='ltr'>opportuna</span> <span class='ocrx_word' id='word_1_43' title='bbox 580 500 668 537; x_wconf 86' lang='lat' dir='ltr'>loca</span> <span class='ocrx_word' id='word_1_44' title='bbox 696 499 829 537; x_wconf 85' lang='lat' dir='ltr'>hostes</span> <span class='ocrx_word' id='word_1_45' title='bbox 859 497 959 536; x_wconf 88' lang='lat' dir='ltr'>inter</span> <span class='ocrx_word' id='word_1_46' title='bbox 988 498 1197 535; x_wconf 89' lang='lat' dir='ltr'>consulum</span> <span class='ocrx_word' id='word_1_47' title='bbox 1227 503 1352 534; x_wconf 88' lang='lat' dir='ltr'>castra</span> <span class='ocrx_word' id='word_1_48' title='bbox 1382 495 1494 533; x_wconf 88' lang='lat' dir='ltr'>inter-</span> 
     </span>
     <span class='ocr_line' id='line_1_7' title="bbox 167 561 1533 613; baseline -0.004 -11"><span class='ocrx_word' id='word_1_49' title='bbox 167 571 364 613; x_wconf 89' lang='lat' dir='ltr'>ceperunt,</span> <span class='ocrx_word' id='word_1_50' title='bbox 388 570 430 601; x_wconf 86' lang='lat' dir='ltr'>ut</span> <span class='ocrx_word' id='word_1_51' title='bbox 455 564 668 613; x_wconf 88' lang='lat' dir='ltr'>pervadere</span> <span class='ocrx_word' id='word_1_52' title='bbox 695 562 900 613; x_wconf 83' lang='lat' dir='ltr'>expeditus</span> <span class='ocrx_word' id='word_1_53' title='bbox 926 561 1088 600; x_wconf 90' lang='lat' dir='ltr'>nuntius</span> <span class='ocrx_word' id='word_1_54' title='bbox 1112 574 1193 599; x_wconf 90' lang='lat' dir='ltr'>non</span> <span class='ocrx_word' id='word_1_55' title='bbox 1214 567 1347 610; x_wconf 87' lang='lat' dir='ltr'>posset</span> <span class='ocrx_word' id='word_1_56' title='bbox 1368 568 1405 598; x_wconf 88' lang='lat' dir='ltr'>et</span> <span class='ocrx_word' id='word_1_57' title='bbox 1427 573 1494 609; x_wconf 86' lang='lat' dir='ltr'>per</span> <span class='ocrx_word' id='word_1_58' title='bbox 1513 580 1533 610; x_wconf 88' lang='lat'>4</span> 
     </span>
     <span class='ocr_line' id='line_1_8' title="bbox 165 625 1495 678; baseline -0.004 -12"><span class='ocrx_word' id='word_1_59' title='bbox 165 628 315 678; x_wconf 83' lang='lat' dir='ltr'>aliquot</span> <span class='ocrx_word' id='word_1_60' title='bbox 348 628 432 666; x_wconf 89' lang='lat' dir='ltr'>dies</span> <span class='ocrx_word' id='word_1_61' title='bbox 467 628 603 667; x_wconf 85' lang='lat' dir='ltr'>incerti</span> <span class='ocrx_word' id='word_1_62' title='bbox 638 641 765 666; x_wconf 91' lang='lat' dir='ltr'>rerum</span> <span class='ocrx_word' id='word_1_63' title='bbox 801 626 980 666; x_wconf 90' lang='lat' dir='ltr'>omnium</span> <span class='ocrx_word' id='word_1_64' title='bbox 1014 625 1274 676; x_wconf 78' lang='lat' dir='ltr'>suspensique</span> <span class='ocrx_word' id='word_1_65' title='bbox 1309 626 1358 663; x_wconf 88' lang='lat' dir='ltr'>de</span> <span class='ocrx_word' id='word_1_66' title='bbox 1393 631 1495 662; x_wconf 88' lang='lat' dir='ltr'>statu</span> 
     </span>
     <span class='ocr_line' id='line_1_9' title="bbox 165 690 1494 744; baseline -0.005 -12"><span class='ocrx_word' id='word_1_67' title='bbox 165 694 322 733; x_wconf 83' lang='lat' dir='ltr'>alterius</span> <span class='ocrx_word' id='word_1_68' title='bbox 339 701 503 744; x_wconf 87' lang='lat' dir='ltr'>uterque</span> <span class='ocrx_word' id='word_1_69' title='bbox 524 695 662 732; x_wconf 88' lang='lat' dir='ltr'>consul</span> <span class='ocrx_word' id='word_1_70' title='bbox 683 700 812 744; x_wconf 81' lang='lat' dir='ltr'>ageret</span> <span class='ocrx_word' id='word_1_71' title='bbox 833 694 1086 741; x_wconf 83' lang='lat' dir='ltr'>Romamque</span> <span class='ocrx_word' id='word_1_72' title='bbox 1106 690 1137 729; x_wconf 90' lang='lat' dir='ltr'>is</span> <span class='ocrx_word' id='word_1_73' title='bbox 1159 697 1286 728; x_wconf 88' lang='lat' dir='ltr'>metus</span> <span class='ocrx_word' id='word_1_74' title='bbox 1308 696 1494 735; x_wconf 80' lang='lat' dir='ltr'>manaret,</span> 
     </span>
     <span class='ocr_line' id='line_1_10' title="bbox 165 755 1495 807; baseline -0.004 -9"><span class='ocrx_word' id='word_1_75' title='bbox 165 762 267 799; x_wconf 88' lang='lat' dir='ltr'>adeo</span> <span class='ocrx_word' id='word_1_76' title='bbox 296 767 339 798; x_wconf 93' lang='lat' dir='ltr'>ut</span> <span class='ocrx_word' id='word_1_77' title='bbox 368 773 506 798; x_wconf 89' lang='lat' dir='ltr'>omnes</span> <span class='ocrx_word' id='word_1_78' title='bbox 536 759 707 797; x_wconf 87' lang='lat' dir='ltr'>iuniores</span> <span class='ocrx_word' id='word_1_79' title='bbox 739 766 985 797; x_wconf 86' lang='lat' dir='ltr'>sacramento</span> <span class='ocrx_word' id='word_1_80' title='bbox 1013 756 1264 807; x_wconf 82' lang='lat' dir='ltr'>adigerentur</span> <span class='ocrx_word' id='word_1_81' title='bbox 1297 763 1415 805; x_wconf 88' lang='lat' dir='ltr'>atque</span> <span class='ocrx_word' id='word_1_82' title='bbox 1445 755 1495 793; x_wconf 88' lang='lat' dir='ltr'>ad</span> 
     </span>
     <span class='ocr_line' id='line_1_11' title="bbox 166 821 1533 870; baseline -0.004 -8"><span class='ocrx_word' id='word_1_83' title='bbox 166 823 296 862; x_wconf 91' lang='lat' dir='ltr'>subita</span> <span class='ocrx_word' id='word_1_84' title='bbox 333 837 461 862; x_wconf 89' lang='lat' dir='ltr'>rerum</span> <span class='ocrx_word' id='word_1_85' title='bbox 500 825 581 862; x_wconf 89' lang='lat' dir='ltr'>duo</span> <span class='ocrx_word' id='word_1_86' title='bbox 619 823 709 862; x_wconf 85' lang='lat' dir='ltr'>iusti</span> <span class='ocrx_word' id='word_1_87' title='bbox 748 823 1009 862; x_wconf 87' lang='lat' dir='ltr'>scriberentur</span> <span class='ocrx_word' id='word_1_88' title='bbox 1047 821 1248 860; x_wconf 82' lang='lat' dir='ltr'>exercitus.</span> <span class='ocrx_word' id='word_1_89' title='bbox 1321 828 1494 859; x_wconf 89' lang='lat' dir='ltr'>ceterum</span> <span class='ocrx_word' id='word_1_90' title='bbox 1516 838 1533 870; x_wconf 89' lang='lat'><strong>5</strong></span> 
     </span>
     <span class='ocr_line' id='line_1_12' title="bbox 168 886 1497 939; baseline -0.002 -13"><span class='ocrx_word' id='word_1_91' title='bbox 168 888 389 928; x_wconf 87' lang='lat' dir='ltr'>Hernicum</span> <span class='ocrx_word' id='word_1_92' title='bbox 420 889 568 927; x_wconf 91' lang='lat' dir='ltr'>bellum</span> <span class='ocrx_word' id='word_1_93' title='bbox 598 901 850 939; x_wconf 83' lang='lat' dir='ltr'>nequaquam</span> <span class='ocrx_word' id='word_1_94' title='bbox 880 902 951 938; x_wconf 92' lang='lat' dir='ltr'>pro</span> <span class='ocrx_word' id='word_1_95' title='bbox 977 886 1172 938; x_wconf 82' lang='lat' dir='ltr'>praesenti</span> <span class='ocrx_word' id='word_1_96' title='bbox 1201 893 1344 925; x_wconf 89' lang='lat' dir='ltr'>terrore</span> <span class='ocrx_word' id='word_1_97' title='bbox 1369 899 1416 924; x_wconf 90' lang='lat' dir='ltr'>ac</span> <span class='ocrx_word' id='word_1_98' title='bbox 1436 898 1497 923; x_wconf 92' lang='lat' dir='ltr'>ve-</span> 
     </span>
     <span class='ocr_line' id='line_1_13' title="bbox 167 950 1535 1004; baseline -0.003 -12"><span class='ocrx_word' id='word_1_99' title='bbox 167 961 270 992; x_wconf 90' lang='lat' dir='ltr'>tusta</span> <span class='ocrx_word' id='word_1_100' title='bbox 298 953 424 1004; x_wconf 87' lang='lat' dir='ltr'>gentis</span> <span class='ocrx_word' id='word_1_101' title='bbox 453 954 575 1004; x_wconf 86' lang='lat' dir='ltr'>gloria</span> <span class='ocrx_word' id='word_1_102' title='bbox 605 954 687 992; x_wconf 91' lang='lat' dir='ltr'>fuit.</span> <span class='ocrx_word' id='word_1_103' title='bbox 747 953 844 992; x_wconf 87' lang='lat' dir='ltr'>nihil</span> <span class='ocrx_word' id='word_1_104' title='bbox 875 966 1041 1003; x_wconf 84' lang='lat' dir='ltr'>usquam</span> <span class='ocrx_word' id='word_1_105' title='bbox 1070 952 1178 991; x_wconf 88' lang='lat' dir='ltr'>dictu</span> <span class='ocrx_word' id='word_1_106' title='bbox 1206 951 1370 1002; x_wconf 88' lang='lat' dir='ltr'>dignum</span> <span class='ocrx_word' id='word_1_107' title='bbox 1398 950 1494 998; x_wconf 82' lang='lat' dir='ltr'>ausi,</span> <span class='ocrx_word' id='word_1_108' title='bbox 1516 962 1535 993; x_wconf 85' lang='lat'><strong>6</strong></span> 
     </span>
     <span class='ocr_line' id='line_1_14' title="bbox 167 1015 1496 1069; baseline -0.002 -12"><span class='ocrx_word' id='word_1_109' title='bbox 167 1019 276 1057; x_wconf 86' lang='lat' dir='ltr'>trinis</span> <span class='ocrx_word' id='word_1_110' title='bbox 297 1019 432 1057; x_wconf 90' lang='lat' dir='ltr'>castris</span> <span class='ocrx_word' id='word_1_111' title='bbox 453 1019 553 1057; x_wconf 89' lang='lat' dir='ltr'>intra</span> <span class='ocrx_word' id='word_1_112' title='bbox 572 1032 720 1069; x_wconf 89' lang='lat' dir='ltr'>paucos</span> <span class='ocrx_word' id='word_1_113' title='bbox 741 1019 826 1057; x_wconf 90' lang='lat' dir='ltr'>dies</span> <span class='ocrx_word' id='word_1_114' title='bbox 846 1018 963 1065; x_wconf 87' lang='lat' dir='ltr'>exuti,</span> <span class='ocrx_word' id='word_1_115' title='bbox 983 1017 1139 1068; x_wconf 84' lang='lat' dir='ltr'>triginta</span> <span class='ocrx_word' id='word_1_116' title='bbox 1154 1017 1306 1056; x_wconf 90' lang='lat' dir='ltr'>dierum</span> <span class='ocrx_word' id='word_1_117' title='bbox 1324 1015 1496 1055; x_wconf 87' lang='lat' dir='ltr'>indutias</span> 
     </span>
     <span class='ocr_line' id='line_1_15' title="bbox 167 1081 1498 1133; baseline -0.003 -11"><span class='ocrx_word' id='word_1_118' title='bbox 167 1083 230 1131; x_wconf 88' lang='lat' dir='ltr'>ita,</span> <span class='ocrx_word' id='word_1_119' title='bbox 263 1090 305 1122; x_wconf 88' lang='lat' dir='ltr'>ut</span> <span class='ocrx_word' id='word_1_120' title='bbox 333 1085 384 1122; x_wconf 83' lang='lat' dir='ltr'>ad</span> <span class='ocrx_word' id='word_1_121' title='bbox 414 1091 594 1122; x_wconf 90' lang='lat' dir='ltr'>senatum</span> <span class='ocrx_word' id='word_1_122' title='bbox 626 1085 799 1122; x_wconf 86' lang='lat' dir='ltr'>Romam</span> <span class='ocrx_word' id='word_1_123' title='bbox 834 1085 981 1133; x_wconf 82' lang='lat' dir='ltr'>legatos</span> <span class='ocrx_word' id='word_1_124' title='bbox 1021 1081 1230 1128; x_wconf 84' lang='lat' dir='ltr'>mitterent,</span> <span class='ocrx_word' id='word_1_125' title='bbox 1267 1082 1372 1131; x_wconf 88' lang='lat' dir='ltr'>pacti</span> <span class='ocrx_word' id='word_1_126' title='bbox 1407 1087 1498 1118; x_wconf 89' lang='lat' dir='ltr'>sunt</span> 
     </span>
     <span class='ocr_line' id='line_1_16' title="bbox 168 1145 1495 1199; baseline -0.003 -12"><span class='ocrx_word' id='word_1_127' title='bbox 168 1148 344 1187; x_wconf 87' lang='lat' dir='ltr'>bimestri</span> <span class='ocrx_word' id='word_1_128' title='bbox 361 1148 559 1199; x_wconf 85' lang='lat' dir='ltr'>stipendio</span> <span class='ocrx_word' id='word_1_129' title='bbox 575 1150 853 1198; x_wconf 89' lang='lat' dir='ltr'>frumentoque</span> <span class='ocrx_word' id='word_1_130' title='bbox 870 1156 908 1186; x_wconf 91' lang='lat' dir='ltr'>et</span> <span class='ocrx_word' id='word_1_131' title='bbox 925 1147 1086 1198; x_wconf 82' lang='lat' dir='ltr'>singulis</span> <span class='ocrx_word' id='word_1_132' title='bbox 1103 1146 1143 1185; x_wconf 91' lang='lat' dir='ltr'>in</span> <span class='ocrx_word' id='word_1_133' title='bbox 1160 1146 1325 1185; x_wconf 89' lang='lat' dir='ltr'>militem</span> <span class='ocrx_word' id='word_1_134' title='bbox 1341 1145 1495 1184; x_wconf 86' lang='lat' dir='ltr'>tunicis.</span> 
     </span>
     <span class='ocr_line' id='line_1_17' title="bbox 166 1212 1536 1261; baseline -0.002 -9"><span class='ocrx_word' id='word_1_135' title='bbox 166 1215 218 1253; x_wconf 90' lang='lat' dir='ltr'>ab</span> <span class='ocrx_word' id='word_1_136' title='bbox 248 1221 386 1253; x_wconf 88' lang='lat' dir='ltr'>senatu</span> <span class='ocrx_word' id='word_1_137' title='bbox 415 1215 466 1252; x_wconf 91' lang='lat' dir='ltr'>ad</span> <span class='ocrx_word' id='word_1_138' title='bbox 501 1213 696 1252; x_wconf 86' lang='lat' dir='ltr'>Marcium</span> <span class='ocrx_word' id='word_1_139' title='bbox 732 1213 876 1261; x_wconf 86' lang='lat' dir='ltr'>reiecti,</span> <span class='ocrx_word' id='word_1_140' title='bbox 909 1213 972 1252; x_wconf 91' lang='lat' dir='ltr'>cui</span> <span class='ocrx_word' id='word_1_141' title='bbox 1006 1220 1164 1252; x_wconf 88' lang='lat' dir='ltr'>senatus</span> <span class='ocrx_word' id='word_1_142' title='bbox 1199 1212 1381 1251; x_wconf 86' lang='lat' dir='ltr'>consulto</span> <span class='ocrx_word' id='word_1_143' title='bbox 1416 1225 1499 1261; x_wconf 89' lang='lat' dir='ltr'>per·</span> <span class='ocrx_word' id='word_1_144' title='bbox 1519 1224 1536 1259; x_wconf 88' lang='lat'><strong><em>7</em></strong></span> 
     </span>
     <span class='ocr_line' id='line_1_18' title="bbox 168 1276 1497 1328; baseline -0.002 -11"><span class='ocrx_word' id='word_1_145' title='bbox 168 1278 332 1317; x_wconf 88' lang='lat' dir='ltr'>missum</span> <span class='ocrx_word' id='word_1_146' title='bbox 362 1280 412 1317; x_wconf 91' lang='lat' dir='ltr'>de</span> <span class='ocrx_word' id='word_1_147' title='bbox 439 1278 624 1317; x_wconf 89' lang='lat' dir='ltr'>Hernicis</span> <span class='ocrx_word' id='word_1_148' title='bbox 645 1286 737 1326; x_wconf 86' lang='lat' dir='ltr'>erat,</span> <span class='ocrx_word' id='word_1_149' title='bbox 761 1278 872 1328; x_wconf 89' lang='lat' dir='ltr'>isque</span> <span class='ocrx_word' id='word_1_150' title='bbox 899 1291 985 1316; x_wconf 88' lang='lat' dir='ltr'>eam</span> <span class='ocrx_word' id='word_1_151' title='bbox 1012 1285 1170 1327; x_wconf 85' lang='lat' dir='ltr'>gentem</span> <span class='ocrx_word' id='word_1_152' title='bbox 1191 1276 1231 1315; x_wconf 92' lang='lat' dir='ltr'>in</span> <span class='ocrx_word' id='word_1_153' title='bbox 1252 1276 1497 1316; x_wconf 87' lang='lat' dir='ltr'>deditionem</span> 
     </span>
     <span class='ocr_line' id='line_1_19' title="bbox 167 1341 1499 1394; baseline -0.002 -12"><span class='ocrx_word' id='word_1_154' title='bbox 167 1344 330 1394; x_wconf 90' lang='lat' dir='ltr'>accepit.</span> <span class='ocrx_word' id='word_1_155' title='bbox 391 1352 429 1382; x_wconf 95' lang='lat' dir='ltr'>et</span> <span class='ocrx_word' id='word_1_156' title='bbox 458 1344 499 1381; x_wconf 90' lang='lat' dir='ltr'>in</span> <span class='ocrx_word' id='word_1_157' title='bbox 529 1343 690 1382; x_wconf 88' lang='lat' dir='ltr'>Samnio</span> <span class='ocrx_word' id='word_1_158' title='bbox 719 1345 816 1382; x_wconf 86' lang='lat' dir='ltr'>alter</span> <span class='ocrx_word' id='word_1_159' title='bbox 844 1344 983 1382; x_wconf 88' lang='lat' dir='ltr'>consul</span> <span class='ocrx_word' id='word_1_160' title='bbox 1013 1342 1188 1393; x_wconf 89' lang='lat' dir='ltr'>superior</span> <span class='ocrx_word' id='word_1_161' title='bbox 1217 1341 1373 1388; x_wconf 86' lang='lat' dir='ltr'>viribus,</span> <span class='ocrx_word' id='word_1_162' title='bbox 1403 1342 1499 1380; x_wconf 89' lang='lat' dir='ltr'>locis</span> 
     </span>
     <span class='ocr_line' id='line_1_20' title="bbox 167 1407 1538 1458; baseline -0.002 -11"><span class='ocrx_word' id='word_1_163' title='bbox 167 1408 393 1458; x_wconf 87' lang='lat' dir='ltr'>impeditior</span> <span class='ocrx_word' id='word_1_164' title='bbox 409 1416 500 1447; x_wconf 90' lang='lat' dir='ltr'>erat.</span> <span class='ocrx_word' id='word_1_165' title='bbox 551 1407 685 1447; x_wconf 88' lang='lat' dir='ltr'>onmia</span> <span class='ocrx_word' id='word_1_166' title='bbox 700 1408 838 1446; x_wconf 88' lang='lat' dir='ltr'>itinera</span> <span class='ocrx_word' id='word_1_167' title='bbox 854 1407 1135 1458; x_wconf 84' lang='lat' dir='ltr'>obsaepserant</span> <span class='ocrx_word' id='word_1_168' title='bbox 1148 1408 1282 1445; x_wconf 89' lang='lat' dir='ltr'>hostes</span> <span class='ocrx_word' id='word_1_169' title='bbox 1299 1407 1499 1456; x_wconf 87' lang='lat' dir='ltr'>saltusque</span> <span class='ocrx_word' id='word_1_170' title='bbox 1520 1418 1538 1448; x_wconf 86' lang='lat'>8</span> 
     </span>
     <span class='ocr_line' id='line_1_21' title="bbox 167 1472 1499 1527; baseline -0.002 -15"><span class='ocrx_word' id='word_1_171' title='bbox 167 1473 321 1524; x_wconf 88' lang='lat' dir='ltr'>pervios</span> <span class='ocrx_word' id='word_1_172' title='bbox 337 1481 536 1527; x_wconf 81' lang='lat' dir='ltr'>ceperant,</span> <span class='ocrx_word' id='word_1_173' title='bbox 550 1487 599 1512; x_wconf 92' lang='lat' dir='ltr'>ne</span> <span class='ocrx_word' id='word_1_174' title='bbox 616 1487 693 1523; x_wconf 90' lang='lat' dir='ltr'>qua</span> <span class='ocrx_word' id='word_1_175' title='bbox 709 1472 875 1512; x_wconf 88' lang='lat' dir='ltr'>subvehi</span> <span class='ocrx_word' id='word_1_176' title='bbox 896 1479 1141 1511; x_wconf 84' lang='lat' dir='ltr'>commeatus</span> <span class='ocrx_word' id='word_1_177' title='bbox 1163 1478 1324 1522; x_wconf 87' lang='lat' dir='ltr'>possent</span> <span class='ocrx_word' id='word_1_178' title='bbox 1339 1486 1349 1519; x_wconf 83' lang='lat'><em>3</em></span> <span class='ocrx_word' id='word_1_179' title='bbox 1369 1484 1499 1521; x_wconf 92' lang='lat' dir='ltr'>neque</span> 
     </span>
     <span class='ocr_line' id='line_1_22' title="bbox 169 1536 1499 1589; baseline -0.003 -11"><span class='ocrx_word' id='word_1_180' title='bbox 169 1552 247 1587; x_wconf 89' lang='lat' dir='ltr'>eos,</span> <span class='ocrx_word' id='word_1_181' title='bbox 280 1553 371 1578; x_wconf 88' lang='lat' dir='ltr'>cum</span> <span class='ocrx_word' id='word_1_182' title='bbox 401 1538 547 1578; x_wconf 90' lang='lat' dir='ltr'>cotidie</span> <span class='ocrx_word' id='word_1_183' title='bbox 577 1538 687 1589; x_wconf 84' lang='lat' dir='ltr'>signa</span> <span class='ocrx_word' id='word_1_184' title='bbox 721 1538 760 1576; x_wconf 91' lang='lat' dir='ltr'>in</span> <span class='ocrx_word' id='word_1_185' title='bbox 789 1538 914 1577; x_wconf 87' lang='lat' dir='ltr'>aciem</span> <span class='ocrx_word' id='word_1_186' title='bbox 949 1539 1088 1577; x_wconf 86' lang='lat' dir='ltr'>consul</span> <span class='ocrx_word' id='word_1_187' title='bbox 1123 1538 1321 1588; x_wconf 87' lang='lat' dir='ltr'>proferret,</span> <span class='ocrx_word' id='word_1_188' title='bbox 1358 1536 1499 1575; x_wconf 90' lang='lat' dir='ltr'>elicere</span> 
     </span>
     <span class='ocr_line' id='line_1_23' title="bbox 168 1602 1535 1655; baseline -0.002 -12"><span class='ocrx_word' id='word_1_189' title='bbox 168 1606 219 1643; x_wconf 88' lang='lat' dir='ltr'>ad</span> <span class='ocrx_word' id='word_1_190' title='bbox 248 1612 447 1644; x_wconf 88' lang='lat' dir='ltr'>certarnen</span> <span class='ocrx_word' id='word_1_191' title='bbox 478 1612 641 1655; x_wconf 86' lang='lat' dir='ltr'>poterat,</span> <span class='ocrx_word' id='word_1_192' title='bbox 673 1604 846 1654; x_wconf 88' lang='lat' dir='ltr'>satisque</span> <span class='ocrx_word' id='word_1_193' title='bbox 875 1604 1090 1654; x_wconf 84' lang='lat' dir='ltr'>apparebat</span> <span class='ocrx_word' id='word_1_194' title='bbox 1119 1616 1249 1652; x_wconf 92' lang='lat' dir='ltr'>neque</span> <span class='ocrx_word' id='word_1_195' title='bbox 1279 1602 1496 1641; x_wconf 87' lang='lat' dir='ltr'>Samnitem</span> <span class='ocrx_word' id='word_1_196' title='bbox 1515 1620 1535 1652; x_wconf 87' lang='lat'>9</span> 
     </span>
     <span class='ocr_line' id='line_1_24' title="bbox 169 1668 1495 1720; baseline -0.002 -12"><span class='ocrx_word' id='word_1_197' title='bbox 169 1677 369 1709; x_wconf 88' lang='lat' dir='ltr'>certamen</span> <span class='ocrx_word' id='word_1_198' title='bbox 388 1683 572 1720; x_wconf 88' lang='lat' dir='ltr'>praesens</span> <span class='ocrx_word' id='word_1_199' title='bbox 593 1683 666 1709; x_wconf 89' lang='lat' dir='ltr'>nec</span> <span class='ocrx_word' id='word_1_200' title='bbox 689 1672 916 1709; x_wconf 87' lang='lat' dir='ltr'>Romanum</span> <span class='ocrx_word' id='word_1_201' title='bbox 942 1668 1171 1708; x_wconf 90' lang='lat' dir='ltr'>dilationem</span> <span class='ocrx_word' id='word_1_202' title='bbox 1199 1668 1291 1706; x_wconf 89' lang='lat' dir='ltr'>belli</span> <span class='ocrx_word' id='word_1_203' title='bbox 1315 1669 1495 1706; x_wconf 86' lang='lat' dir='ltr'>laturum.</span> 
     </span>
     <span class='ocr_line' id='line_1_25' title="bbox 169 1734 1557 1786; baseline 0 -12"><span class='ocrx_word' id='word_1_204' title='bbox 169 1736 361 1774; x_wconf 84' lang='lat' dir='ltr'>adventus</span> <span class='ocrx_word' id='word_1_205' title='bbox 393 1735 543 1782; x_wconf 88' lang='lat' dir='ltr'>Marcii,</span> <span class='ocrx_word' id='word_1_206' title='bbox 576 1735 643 1786; x_wconf 89' lang='lat' dir='ltr'>qui</span> <span class='ocrx_word' id='word_1_207' title='bbox 675 1735 860 1774; x_wconf 90' lang='lat' dir='ltr'>Hernicis</span> <span class='ocrx_word' id='word_1_208' title='bbox 887 1734 1060 1773; x_wconf 87' lang='lat' dir='ltr'>subactis</span> <span class='ocrx_word' id='word_1_209' title='bbox 1088 1734 1295 1772; x_wconf 85' lang='lat' dir='ltr'>maturavit</span> <span class='ocrx_word' id='word_1_210' title='bbox 1325 1734 1498 1782; x_wconf 88' lang='lat' dir='ltr'>collegae</span> <span class='ocrx_word' id='word_1_211' title='bbox 1518 1751 1557 1774; x_wconf 92' lang='lat'>10</span> 
     </span>
     <span class='ocr_line' id='line_1_26' title="bbox 169 1797 1555 1848; baseline -0.002 -9"><span class='ocrx_word' id='word_1_212' title='bbox 169 1800 301 1839; x_wconf 90' lang='lat' dir='ltr'>venire</span> <span class='ocrx_word' id='word_1_213' title='bbox 321 1801 476 1847; x_wconf 88' lang='lat' dir='ltr'>auxilio,</span> <span class='ocrx_word' id='word_1_214' title='bbox 501 1814 651 1839; x_wconf 89' lang='lat' dir='ltr'>moram</span> <span class='ocrx_word' id='word_1_215' title='bbox 671 1799 896 1839; x_wconf 89' lang='lat' dir='ltr'>certaminis</span> <span class='ocrx_word' id='word_1_216' title='bbox 916 1799 1020 1838; x_wconf 89' lang='lat' dir='ltr'>hosti</span> <span class='ocrx_word' id='word_1_217' title='bbox 1041 1798 1195 1837; x_wconf 79' lang='lat' dir='ltr'>exemit.</span> <span class='ocrx_word' id='word_1_218' title='bbox 1254 1812 1347 1836; x_wconf 89' lang='lat' dir='ltr'>nam</span> <span class='ocrx_word' id='word_1_219' title='bbox 1368 1805 1410 1836; x_wconf 93' lang='lat' dir='ltr'>ut</span> <span class='ocrx_word' id='word_1_220' title='bbox 1430 1797 1498 1848; x_wconf 89' lang='lat' dir='ltr'>qui</span> <span class='ocrx_word' id='word_1_221' title='bbox 1520 1816 1555 1838; x_wconf 88' lang='lat'>11</span> 
     </span>
     <span class='ocr_line' id='line_1_27' title="bbox 170 1863 1498 1916; baseline -0.002 -13"><span class='ocrx_word' id='word_1_222' title='bbox 170 1879 220 1904; x_wconf 93' lang='lat' dir='ltr'>ne</span> <span class='ocrx_word' id='word_1_223' title='bbox 239 1865 349 1905; x_wconf 88' lang='lat' dir='ltr'>alteri</span> <span class='ocrx_word' id='word_1_224' title='bbox 365 1865 527 1916; x_wconf 87' lang='lat' dir='ltr'>quidem</span> <span class='ocrx_word' id='word_1_225' title='bbox 548 1865 733 1905; x_wconf 88' lang='lat' dir='ltr'>exercitui</span> <span class='ocrx_word' id='word_1_226' title='bbox 754 1879 794 1904; x_wconf 89' lang='lat' dir='ltr'>se</span> <span class='ocrx_word' id='word_1_227' title='bbox 810 1866 861 1904; x_wconf 90' lang='lat' dir='ltr'>ad</span> <span class='ocrx_word' id='word_1_228' title='bbox 881 1872 1079 1904; x_wconf 87' lang='lat' dir='ltr'>certamen</span> <span class='ocrx_word' id='word_1_229' title='bbox 1096 1863 1355 1903; x_wconf 84' lang='lat' dir='ltr'>credidissent</span> <span class='ocrx_word' id='word_1_230' title='bbox 1375 1877 1498 1913; x_wconf 84' lang='lat' dir='ltr'>pares,</span> 
     </span>
     <span class='ocr_line' id='line_1_28' title="bbox 170 1928 1501 1982; baseline -0.002 -14"><span class='ocrx_word' id='word_1_231' title='bbox 170 1929 356 1980; x_wconf 87' lang='lat' dir='ltr'>coniungi</span> <span class='ocrx_word' id='word_1_232' title='bbox 376 1931 512 1981; x_wconf 89' lang='lat' dir='ltr'>utique</span> <span class='ocrx_word' id='word_1_233' title='bbox 532 1931 636 1982; x_wconf 88' lang='lat' dir='ltr'>passi</span> <span class='ocrx_word' id='word_1_234' title='bbox 656 1932 757 1970; x_wconf 87' lang='lat' dir='ltr'>duos</span> <span class='ocrx_word' id='word_1_235' title='bbox 782 1932 1006 1969; x_wconf 83' lang='lat' dir='ltr'>consulares</span> <span class='ocrx_word' id='word_1_236' title='bbox 1033 1929 1224 1968; x_wconf 83' lang='lat' dir='ltr'>exercitus</span> <span class='ocrx_word' id='word_1_237' title='bbox 1251 1928 1349 1966; x_wconf 90' lang='lat' dir='ltr'>nihil</span> <span class='ocrx_word' id='word_1_238' title='bbox 1369 1930 1501 1967; x_wconf 90' lang='lat' dir='ltr'>crede-</span> 
     </span>
     <span class='ocr_line' id='line_1_29' title="bbox 170 1993 1501 2046; baseline -0.002 -12"><span class='ocrx_word' id='word_1_239' title='bbox 170 2004 256 2034; x_wconf 89' lang='lat' dir='ltr'>rent</span> <span class='ocrx_word' id='word_1_240' title='bbox 277 2009 480 2045; x_wconf 85' lang='lat' dir='ltr'>superesse</span> <span class='ocrx_word' id='word_1_241' title='bbox 501 1996 595 2046; x_wconf 87' lang='lat' dir='ltr'>spei‚</span> <span class='ocrx_word' id='word_1_242' title='bbox 617 1995 895 2034; x_wconf 87' lang='lat' dir='ltr'>advenientem</span> <span class='ocrx_word' id='word_1_243' title='bbox 923 1994 1188 2044; x_wconf 87' lang='lat' dir='ltr'>incomposito</span> <span class='ocrx_word' id='word_1_244' title='bbox 1216 1993 1372 2043; x_wconf 84' lang='lat' dir='ltr'>agmine</span> <span class='ocrx_word' id='word_1_245' title='bbox 1398 1995 1501 2031; x_wconf 90' lang='lat' dir='ltr'>Mar-</span> 
     </span>
     <span class='ocr_line' id='line_1_30' title="bbox 171 2058 1555 2111; baseline -0.002 -12"><span class='ocrx_word' id='word_1_246' title='bbox 171 2059 277 2099; x_wconf 91' lang='lat' dir='ltr'>cium</span> <span class='ocrx_word' id='word_1_247' title='bbox 310 2061 598 2111; x_wconf 87' lang='lat' dir='ltr'>aggrediuntur.</span> <span class='ocrx_word' id='word_1_248' title='bbox 657 2061 798 2111; x_wconf 88' lang='lat' dir='ltr'>raptim</span> <span class='ocrx_word' id='word_1_249' title='bbox 828 2062 1007 2099; x_wconf 90' lang='lat' dir='ltr'>conlatae</span> <span class='ocrx_word' id='word_1_250' title='bbox 1037 2059 1210 2098; x_wconf 88' lang='lat' dir='ltr'>sarcinae</span> <span class='ocrx_word' id='word_1_251' title='bbox 1240 2059 1280 2097; x_wconf 90' lang='lat' dir='ltr'>in</span> <span class='ocrx_word' id='word_1_252' title='bbox 1309 2058 1497 2106; x_wconf 89' lang='lat' dir='ltr'>medium,</span> <span class='ocrx_word' id='word_1_253' title='bbox 1520 2075 1555 2096; x_wconf 90' lang='lat'>12</span> 
     </span>
     <span class='ocr_line' id='line_1_31' title="bbox 172 2124 1499 2176; baseline -0.002 -12"><span class='ocrx_word' id='word_1_254' title='bbox 172 2132 220 2172; x_wconf 91' lang='lat' dir='ltr'>et,</span> <span class='ocrx_word' id='word_1_255' title='bbox 239 2133 355 2175; x_wconf 92' lang='lat' dir='ltr'>prout</span> <span class='ocrx_word' id='word_1_256' title='bbox 375 2133 530 2176; x_wconf 90' lang='lat' dir='ltr'>tempus</span> <span class='ocrx_word' id='word_1_257' title='bbox 551 2125 783 2176; x_wconf 87' lang='lat' dir='ltr'>patiebatur,</span> <span class='ocrx_word' id='word_1_258' title='bbox 802 2125 990 2164; x_wconf 88' lang='lat' dir='ltr'>instructa</span> <span class='ocrx_word' id='word_1_259' title='bbox 1004 2124 1119 2163; x_wconf 87' lang='lat' dir='ltr'>acies.</span> <span class='ocrx_word' id='word_1_260' title='bbox 1160 2126 1308 2163; x_wconf 87' lang='lat' dir='ltr'>clamor</span> <span class='ocrx_word' id='word_1_261' title='bbox 1328 2124 1499 2174; x_wconf 89' lang='lat' dir='ltr'>primum</span> 
     </span>
     <span class='ocr_line' id='line_1_32' title="bbox 170 2189 1499 2241; baseline -0.001 -13"><span class='ocrx_word' id='word_1_262' title='bbox 170 2189 211 2227; x_wconf 87' lang='lat' dir='ltr'>in</span> <span class='ocrx_word' id='word_1_263' title='bbox 232 2191 370 2229; x_wconf 86' lang='lat' dir='ltr'>stativa</span> <span class='ocrx_word' id='word_1_264' title='bbox 390 2191 572 2241; x_wconf 87' lang='lat' dir='ltr'>perlatus,</span> <span class='ocrx_word' id='word_1_265' title='bbox 595 2190 689 2229; x_wconf 90' lang='lat' dir='ltr'>dein</span> <span class='ocrx_word' id='word_1_266' title='bbox 710 2197 946 2241; x_wconf 87' lang='lat' dir='ltr'>conspectus</span> <span class='ocrx_word' id='word_1_267' title='bbox 974 2191 1110 2241; x_wconf 90' lang='lat' dir='ltr'>procul</span> <span class='ocrx_word' id='word_1_268' title='bbox 1137 2189 1264 2240; x_wconf 89' lang='lat' dir='ltr'>pulvis</span> <span class='ocrx_word' id='word_1_269' title='bbox 1286 2191 1499 2228; x_wconf 90' lang='lat' dir='ltr'>tumultum</span> 
     </span>
     <span class='ocr_line' id='line_1_33' title="bbox 171 2254 1557 2305; baseline -0.002 -12"><span class='ocrx_word' id='word_1_270' title='bbox 171 2256 278 2304; x_wconf 90' lang='lat' dir='ltr'>apud</span> <span class='ocrx_word' id='word_1_271' title='bbox 311 2255 477 2294; x_wconf 89' lang='lat' dir='ltr'>alterum</span> <span class='ocrx_word' id='word_1_272' title='bbox 512 2257 716 2294; x_wconf 89' lang='lat' dir='ltr'>consulem</span> <span class='ocrx_word' id='word_1_273' title='bbox 746 2255 786 2293; x_wconf 86' lang='lat' dir='ltr'>in</span> <span class='ocrx_word' id='word_1_274' title='bbox 821 2255 955 2294; x_wconf 85' lang='lat' dir='ltr'>castris</span> <span class='ocrx_word' id='word_1_275' title='bbox 991 2256 1106 2303; x_wconf 78' lang='lat' dir='ltr'>fecit3</span> <span class='ocrx_word' id='word_1_276' title='bbox 1145 2255 1257 2305; x_wconf 90' lang='lat' dir='ltr'>isque</span> <span class='ocrx_word' id='word_1_277' title='bbox 1291 2254 1499 2293; x_wconf 87' lang='lat' dir='ltr'>confestim</span> <span class='ocrx_word' id='word_1_278' title='bbox 1521 2269 1557 2300; x_wconf 84' lang='lat'>13</span> 
     </span>
     <span class='ocr_line' id='line_1_34' title="bbox 171 2319 1500 2371; baseline 0.001 -14"><span class='ocrx_word' id='word_1_279' title='bbox 171 2332 279 2357; x_wconf 90' lang='lat' dir='ltr'>arma</span> <span class='ocrx_word' id='word_1_280' title='bbox 312 2333 452 2370; x_wconf 91' lang='lat' dir='ltr'>capere</span> <span class='ocrx_word' id='word_1_281' title='bbox 486 2320 599 2359; x_wconf 90' lang='lat' dir='ltr'>iussis</span> <span class='ocrx_word' id='word_1_282' title='bbox 633 2320 854 2371; x_wconf 87' lang='lat' dir='ltr'>raptimque</span> <span class='ocrx_word' id='word_1_283' title='bbox 888 2320 1041 2360; x_wconf 89' lang='lat' dir='ltr'>eductis</span> <span class='ocrx_word' id='word_1_284' title='bbox 1075 2320 1116 2358; x_wconf 89' lang='lat' dir='ltr'>in</span> <span class='ocrx_word' id='word_1_285' title='bbox 1149 2320 1275 2359; x_wconf 88' lang='lat' dir='ltr'>aciem</span> <span class='ocrx_word' id='word_1_286' title='bbox 1310 2319 1500 2358; x_wconf 87' lang='lat' dir='ltr'>militibus</span> 
     </span>
     <span class='ocr_line' id='line_1_35' title="bbox 171 2385 1499 2436; baseline 0 -13"><span class='ocrx_word' id='word_1_287' title='bbox 171 2392 429 2424; x_wconf 89' lang='lat' dir='ltr'>transversam</span> <span class='ocrx_word' id='word_1_288' title='bbox 452 2385 624 2424; x_wconf 90' lang='lat' dir='ltr'>hostiurn</span> <span class='ocrx_word' id='word_1_289' title='bbox 644 2385 771 2424; x_wconf 89' lang='lat' dir='ltr'>aciem</span> <span class='ocrx_word' id='word_1_290' title='bbox 794 2393 913 2436; x_wconf 86' lang='lat' dir='ltr'>atque</span> <span class='ocrx_word' id='word_1_291' title='bbox 932 2386 1009 2424; x_wconf 89' lang='lat' dir='ltr'>alio</span> <span class='ocrx_word' id='word_1_292' title='bbox 1030 2385 1244 2424; x_wconf 87' lang='lat' dir='ltr'>certamine</span> <span class='ocrx_word' id='word_1_293' title='bbox 1264 2392 1499 2436; x_wconf 86' lang='lat' dir='ltr'>occupatam</span> 
     </span>
    </p>
   </div>
  </div>
 </body>
</html>
