1747 2620
342 148 411 184 AB
443 147 593 183 VRBE
624 145 882 184 CONDITA
914 145 1016 182 LIB.
1051 145 1120 181 IX.
1157 156 1214 192 13,
1244 153 1289 189 14

151 254 352 294 Tarentini
370 253 632 293 interveniunt
646 252 925 292 denuntiantes
939 250 1178 290 Samnitibus
1195 249 1477 299 Romanisque,

151 328 191 358 ut
214 321 358 359 bellum
380 319 631 358 omitterent:
662 332 730 368 per
756 324 862 355 utros
890 316 1070 364 stetisset,
1093 330 1172 366 quo
1202 315 1331 354 minus
1359 314 1479 354 disce-

149 386 305 423 deretur
332 385 383 423 ab
411 383 540 431 armis,
570 384 756 422 adversus
785 395 853 420 eos
883 395 924 420 se
958 394 1028 430 pro
1062 380 1191 420 alteris
1225 387 1476 431 pugnaturos.

149 463 196 489 ea
215 450 410 500 legatione
434 448 610 500 Papirius
637 448 771 487 audita
797 446 960 497 perinde
979 460 1025 485 ac
1056 454 1186 484 motus
1207 446 1321 484 dictis
1342 458 1476 484 eorum
1501 458 1514 478 2

149 528 239 553 cum
272 516 422 564 collega
453 528 493 553 se
523 513 906 552 communicaturum
936 510 1149 561 respondit,
1180 510 1387 559 accitoque
1417 523 1476 556 eo,

149 593 239 618 curn
279 587 434 630 tempus
477 592 596 618 omne
639 578 680 616 in
725 584 913 628 apparatu
961 589 1115 626 pugnae
1158 573 1478 624 consumpsisset,

149 647 381 684 conlocutus
415 646 466 683 de
504 658 544 683 re
575 644 681 682 haud
716 642 837 681 dubia
875 641 1029 691 signum
1069 653 1223 691 pugnae
1262 639 1476 690 proposuit.

147 710 354 760 agentibus
399 710 531 748 divina
570 710 832 758 humanaque,
881 720 982 757 quae
1021 707 1213 750 adsolent,
1262 718 1353 743 cum
1395 704 1516 746 acie3

147 776 419 815 dimicandum
449 783 517 823 est,
549 774 779 813 consulibus
809 772 1012 812 Tarentini
1042 771 1157 822 legati
1189 784 1394 810 occursare
1425 783 1478 809 re-

148 855 337 892 sponsum
385 849 683 893 exspectantes,
737 840 880 890 quibus
922 838 1099 889 Papirius
1143 837 1218 875 ait:
1277 835 1515 886 ‘auspicia4

146 909 322 948 secunda
354 921 452 955 esse,
483 905 697 952 Tarentini,
732 904 917 955 pullarius
956 904 1111 942 nuntiat
1128 918 1138 950 ,-
1185 902 1338 940 litatum
1373 914 1479 951 prae-

149 980 253 1011 terea
273 979 331 1012 est
352 971 530 1023 egregie3
560 970 785 1010 auctoribus
816 969 887 1017 dis,
911 976 953 1007 ut
979 968 1131 1014 videtis,
1158 968 1209 1006 ad
1238 980 1320 1005 rem
1347 979 1478 1016 geren-

149 1039 240 1076 dam
262 1037 568 1087 proficiscimur.'
626 1035 734 1086 signa
755 1035 847 1073 inde
868 1034 954 1073 ferri
980 1033 1091 1072 iussit
1112 1040 1150 1071 et
1171 1031 1304 1082 copias
1331 1031 1478 1079 eduxit,
1495 1045 1511 1076 5

148 1102 400 1141 vanissimam
449 1101 654 1151 increpans
702 1106 872 1150 gentem,
918 1112 1033 1149 quae,
1076 1111 1234 1136 suarum
1282 1098 1478 1147 impotens

148 1181 276 1206 rerum
323 1181 415 1218 prae
462 1166 689 1206 domesticis
737 1164 997 1204 seditionibus
1049 1162 1348 1212 discordiisque,
1395 1161 1479 1200 aliis

149 1234 314 1272 modum
349 1232 456 1283 pacis
485 1246 530 1271 ac
561 1231 652 1270 belli
682 1232 808 1270 facere
835 1243 1007 1280 aequum
1037 1236 1224 1268 censeret.
1284 1227 1479 1266 Samnites
1497 1229 1516 1260 6

149 1312 195 1337 ex
224 1305 333 1349 parte
361 1299 483 1336 altera
511 1310 601 1335 cum
632 1310 793 1335 omnem
824 1308 957 1334 curam
988 1294 1080 1333 belli
1108 1293 1358 1340 remisissent,
1388 1293 1479 1342 quia

147 1371 214 1402 aut
252 1377 390 1414 pacem
430 1376 518 1401 vere
557 1362 771 1412 cupiebant
809 1368 876 1399 aut
919 1359 1153 1410 expediebat
1202 1358 1396 1404 simulare,
1437 1365 1479 1396 ut

147 1428 384 1467 Tarentinos
423 1427 497 1466 sibi
536 1426 801 1473 conciliarent,
844 1439 934 1464 curn
974 1424 1186 1463 instructos
1229 1429 1390 1473 repente
1428 1423 1478 1460 ad

148 1507 320 1545 pugnam
343 1495 547 1532 Romanos
568 1491 875 1542 conspexissent,
899 1489 1100 1528 vociferari
1122 1502 1163 1527 se
1183 1488 1222 1526 in
1247 1487 1479 1527 auctoritate
1501 1501 1515 1531 7

148 1558 453 1598 Tarentinorum
484 1571 642 1597 manere
672 1570 746 1596 nec
775 1556 1017 1595 descendere
1045 1554 1085 1592 in
1114 1554 1239 1593 aciem
1270 1566 1344 1592 nec
1374 1560 1479 1591 extra

147 1626 292 1663 vallum
312 1616 420 1663 arma
440 1625 537 1662 ferre
555 1638 564 1671 3
593 1624 782 1672 deceptos
803 1621 934 1672 potius
955 1621 1238 1670 quodcumque
1254 1631 1367 1658 casus
1383 1619 1479 1656 ferat

149 1702 343 1740 passuros,
374 1702 493 1738 quam
523 1695 565 1726 ut
595 1687 786 1738 sprevisse
815 1686 922 1736 pacis
946 1692 1126 1724 auctores
1160 1683 1397 1722 Tarentinos
1428 1682 1479 1721 vi-

148 1756 325 1793 deantur.
383 1753 561 1803 accipere
588 1765 628 1791 se
659 1765 776 1791 omen
804 1752 985 1790 consules
1012 1750 1122 1788 aiunt
1147 1757 1185 1788 et
1212 1762 1298 1788 eam
1328 1748 1477 1799 precari
1497 1753 1514 1782 8

149 1827 323 1858 mentem
355 1818 545 1865 hostibus,
580 1824 622 1856 ut
656 1830 706 1855 ne
739 1817 884 1855 vallum
924 1815 1086 1866 quidem
1119 1815 1346 1853 defendant.
1404 1813 1514 1864 ipsi9

148 1886 249 1926 inter
278 1898 320 1923 se
354 1883 502 1935 partitis
537 1882 660 1933 copiis
695 1883 914 1920 succedunt
947 1880 1121 1919 hostium
1154 1868 1410 1918 munimentis
1440 1886 1478 1917 et

149 1950 265 1989 simul
307 1949 484 1999 undique
528 1948 666 1996 adorti,
712 1961 803 1986 cum
841 1960 929 1997 pars
968 1947 1092 1984 fossas
1137 1946 1348 1995 explerent,
1390 1957 1477 1994 pars

148 2017 334 2054 vellerent
354 2016 499 2053 vallum
519 2021 638 2064 atque
658 2013 698 2051 in
718 2014 842 2051 fossas
869 2018 1098 2061 proruerent
1117 2024 1191 2049 nec
1211 2010 1331 2048 virtus
1356 2010 1478 2048 modo

148 2081 265 2118 insita
285 2081 355 2118 sed
375 2079 430 2117 ira
445 2078 563 2117 etiarn
580 2080 821 2116 exulceratos
842 2076 1059 2127 ignominia
1074 2075 1289 2114 stimularet
1309 2074 1475 2122 animos,

148 2153 273 2185 castra
302 2145 489 2192 invasere,
521 2151 558 2182 et
587 2157 658 2194 pro
687 2157 728 2182 se
758 2143 936 2193 quisque,
969 2155 1050 2180 non
1080 2143 1177 2180 haec
1206 2142 1376 2179 furculas
1403 2154 1477 2179 nec
1499 2154 1539 2176 10

150 2209 348 2251 Caudium
369 2222 443 2248 nec
473 2210 593 2247 saltus
619 2207 746 2246 invios
770 2221 866 2255 esse,
890 2206 958 2246 ubi
988 2220 1156 2246 errorem
1178 2207 1281 2245 fraus
1309 2205 1477 2256 superbe

148 2275 316 2322 vicisset,
352 2275 422 2313 sed
462 2275 686 2312 Romanam
718 2273 911 2320 virtutem,
953 2286 1072 2323 quarn
1111 2285 1185 2310 nec
1218 2272 1363 2310 vallum
1403 2284 1477 2309 nec

149 2343 277 2380 fossae
313 2346 500 2386 arcerent,
547 2345 810 2377 memorantes
855 2338 1027 2376 caedunt
1068 2336 1210 2387 pariter
1252 2335 1476 2374 resistentes

149 2408 347 2455 fusosque,
383 2405 550 2443 inermes
585 2411 703 2453 atque
734 2402 914 2449 armatos,
952 2415 1082 2440 servos
1117 2401 1271 2448 liberos,
1308 2401 1476 2450 puberes
1498 2415 1532 2435 Π

1327 2472 1347 2495 c
1371 2474 1386 2495 2
