1747 2620
368 122 438 158 AB
470 120 621 158 VRBE
651 118 910 158 CONDITA
941 119 1043 156 LIB.
1077 118 1146 155 IX.
1181 130 1230 165 34

135 229 318 280 contagio
348 229 441 275 eius,
475 229 583 278 quod
613 227 825 277 quaerebat
860 226 954 276 ipse,
986 225 1158 264 criminis
1188 224 1385 263 obiectata
1413 223 1464 261 ab

135 294 304 333 inimicis
334 301 402 340 est,
435 301 477 331 ut
507 292 677 343 privatus
708 291 864 330 obviam
901 291 971 329 iret
1001 290 1165 337 crimini,
1197 290 1390 328 dictatura
1422 301 1463 326 se

131 358 341 398 abdicavit.
401 359 494 396 nolo
524 370 596 407 ego
626 356 740 395 istam
769 356 808 393 in
830 363 867 394 te
893 355 1153 402 modestiam;
1183 369 1231 393 ne
1253 355 1462 404 degenera-
1486 366 1522 398 15

131 425 230 463 veris
263 437 286 462 a
316 423 462 462 familia
497 421 816 472 imperiosissima
850 428 888 459 et
923 419 1226 470 superbissima3
1271 433 1351 458 non
1385 418 1460 465 die,

133 503 212 528 non
257 490 353 528 hora
393 488 519 535 citius,
562 501 680 538 quam
726 499 887 526 necesse
931 492 999 533 est,
1041 484 1267 534 magistratu
1309 484 1461 530 abieris,

133 555 254 593 modo
284 567 334 592 ne
363 555 529 593 excedas
560 553 714 592 finitum
745 559 913 601 tempus.
975 550 1066 589 satis
1097 557 1155 588 est
1179 556 1247 587 aut
1271 549 1376 588 diem
1397 556 1465 587 aut
1487 555 1524 586 16

133 632 310 658 mensem
331 632 519 658 censurae
539 618 725 658 adicere?
754 615 978 662 triennium,
1001 614 1140 665 inquit,
1163 622 1201 652 et
1222 627 1288 652 sex
1309 627 1465 652 menses

131 686 241 731 ultra,
273 697 393 734 quam
422 685 514 723 licet
543 682 714 722 Aemilia
743 683 839 732 lege,
870 693 1076 720 censuram
1106 692 1238 730 geram
1274 685 1313 717 et
1342 679 1462 717 solus.

131 750 208 787 hoc
229 748 391 799 quidem
411 748 489 786 iani
510 761 630 799 regno
651 746 778 785 simile
802 753 872 784 est.
931 759 981 783 an
1003 746 1196 794 collegam
1218 743 1460 794 subrogabis,
1487 749 1524 783 17

132 828 252 865 quem
284 827 334 853 ne
370 813 409 852 in
444 812 640 852 demortui
675 812 838 862 quidem
872 812 1005 849 locum
1041 809 1243 860 subrogari
1281 810 1338 847 fas
1377 810 1466 847 est?

133 878 304 929 paenitet
330 878 446 925 enim,
480 879 589 929 quod
616 875 935 927 antiquissimum
966 876 1158 914 sollemne
1187 881 1226 913 et
1256 875 1384 913 solum
1414 874 1464 912 ab
1487 879 1522 908 18

131 943 229 994 ipso,
252 943 315 982 cui
336 945 389 991 fit,
412 943 635 982 institutum
664 943 740 981 deo
767 942 817 980 ab
838 940 1094 980 nobilissimis
1118 939 1359 978 antistitibus
1380 938 1464 977 eius

133 1010 231 1065 sacri
259 1011 310 1049 ad
340 1023 540 1049 servorum
571 1008 831 1058 ministerium
862 1007 1065 1058 religiosus
1094 1020 1234 1045 censor
1254 1005 1462 1051 deduxisti,

132 1090 228 1127 gens
269 1075 467 1126 antiquior
509 1074 724 1125 originibus
764 1073 870 1111 urbis
917 1072 1043 1119 huius,
1085 1070 1257 1122 hospitio
1299 1071 1464 1109 deorum
1487 1079 1525 1112 19

133 1140 399 1180 inmortalium
439 1148 584 1187 sancta,
627 1147 784 1190 propter
823 1146 860 1177 te
896 1151 942 1177 ac
981 1146 1088 1176 tuam
1124 1149 1331 1175 censuram
1367 1136 1466 1173 intra

132 1221 281 1246 annum
302 1206 353 1245 ab
374 1206 492 1256 stirpe
513 1205 704 1244 exstincta
723 1212 791 1252 est,
816 1203 889 1242 nisi
918 1203 1139 1242 universam
1160 1216 1241 1241 rem
1263 1200 1463 1252 publicam

133 1286 181 1312 eo
218 1271 366 1311 nefario
404 1270 667 1318 obstrinxeris,
727 1270 836 1320 quod
875 1268 1040 1307 ominari
1079 1268 1198 1307 etiam
1238 1265 1465 1306 reformidat

132 1338 299 1377 animus.
359 1338 450 1376 urbs
481 1351 528 1376 eo
560 1338 681 1376 lustro
711 1342 825 1386 capta
852 1342 920 1381 est,
944 1348 1024 1385 quo
1049 1335 1258 1372 demortuo
1281 1329 1464 1385 [collega]
1488 1340 1527 1361 ²0

135 1406 179 1444 C.
205 1403 309 1442 Iulio
338 1416 501 1442 censore
532 1405 573 1440 L.
599 1401 775 1452 Papirius
807 1402 967 1448 Cursor,
993 1414 1043 1438 ne
1072 1399 1196 1438 abiret
1226 1397 1464 1448 magistratu,

137 1470 192 1507 M.
235 1468 465 1508 Cornelium
514 1467 832 1517 Maluginensem
880 1467 1071 1516 collegam
1116 1463 1353 1514 subrogavit.
1431 1470 1468 1501 et
1490 1478 1525 1501 21

136 1541 285 1584 quanto
307 1532 523 1572 modestior
543 1532 645 1570 illius
666 1532 862 1583 cupiditas
883 1531 955 1570 fuit
980 1544 1099 1581 quarn
1129 1538 1206 1577 tua,
1230 1530 1365 1580 Appi?
1394 1541 1468 1567 nec

137 1601 242 1638 solus
273 1612 346 1637 ηερ
374 1600 474 1637 ultra
504 1597 659 1636 finitum
691 1599 775 1648 lege
802 1605 959 1647 tempus
987 1598 1032 1635 L.
1056 1595 1234 1646 Papirius
1262 1607 1468 1634 censuram

137 1664 281 1715 gessit,
320 1671 453 1703 tamen
488 1662 688 1702 neminem
720 1661 881 1710 invenit,
918 1661 985 1712 qui
1020 1674 1061 1699 se
1096 1667 1233 1710 postea
1267 1666 1467 1698 auctorem

137 1736 366 1780 sequeretur
380 1743 390 1777 ;
420 1742 558 1767 omnes
579 1728 768 1778 deinceps
789 1740 972 1766 censores
998 1733 1087 1776 post
1108 1733 1274 1764 mortem
1295 1726 1469 1774 collegae

140 1808 181 1834 se
203 1794 429 1845 magistratu
449 1793 694 1833 abdicarunt.
753 1800 791 1832 te
818 1807 892 1831 nec
920 1793 1030 1843 quod
1051 1791 1134 1830 dies
1156 1791 1247 1830 exiit
1268 1804 1468 1837 censurae,
1491 1807 1528 1829 22

139 1873 213 1898 nec
229 1860 338 1910 quod
358 1860 509 1909 collega
525 1858 750 1909 magistratu
771 1858 879 1905 abiit,
895 1871 968 1897 nec
988 1858 1050 1895 lex
1066 1869 1139 1895 nec
1155 1857 1284 1906 pudor
1296 1863 1469 1895 coercet:

139 1924 320 1963 virtutem
360 1924 400 1962 in
439 1923 632 1974 superbia,
668 1923 708 1962 in
746 1922 921 1969 audacia,
955 1922 995 1960 in
1034 1928 1266 1971 contemptu
1305 1922 1470 1960 deorum

140 1989 428 2038 hominumque
458 1988 584 2038 ponis.
642 2001 715 2038 ego
746 1995 794 2034 te,
824 1990 899 2038 Ap.
930 1986 1084 2034 Claudi,
1114 2000 1184 2036 pro
1213 1985 1323 2024 istius
1354 1985 1471 2036 magi·
1491 2000 1532 2030 23

142 2060 282 2092 stratus
313 2052 516 2092 maiestate
545 2066 592 2090 ac
621 2051 868 2098 verecundia,
899 2065 1016 2101 quem
1047 2050 1211 2101 gessisti,
1238 2064 1318 2089 non
1349 2051 1470 2089 modo

143 2131 262 2156 manu
292 2117 492 2165 violatum,
525 2119 594 2156 sed
625 2131 674 2156 ne
703 2117 824 2156 verbo
854 2116 1015 2167 quidem
1047 2115 1334 2155 inclementiori
1358 2129 1382 2154 a
1408 2128 1471 2154 me

142 2185 384 2235 appellatum
405 2184 545 2222 vellem
561 2197 571 2231 3
600 2184 670 2221 sed
691 2190 729 2221 et
750 2184 858 2230 haec,
882 2195 984 2233 quae
1008 2182 1139 2220 adhuc
1160 2180 1231 2231 egi,
1254 2180 1473 2232 pervicacia
1494 2200 1534 2231 24

144 2256 210 2287 tua
226 2256 264 2288 et
280 2248 463 2299 superbia
478 2247 606 2298 coegit
622 2261 685 2286 me
699 2247 818 2298 loqui,
835 2255 884 2295 et,
900 2247 974 2286 nisi
991 2246 1184 2286 Aemiliae
1197 2246 1272 2297 legi
1286 2246 1470 2297 parueris,

145 2315 184 2351 in
201 2314 357 2352 vincula
372 2312 463 2352 duci
481 2312 629 2351 iubebo
645 2325 729 2360 nec,
748 2326 839 2351 cum
856 2312 909 2351 ita
925 2319 1197 2362 comparatum
1213 2325 1236 2350 a
1257 2311 1472 2350 maioribus
1493 2320 1530 2351 25

145 2378 204 2427 sit,
227 2386 269 2417 ut
289 2377 458 2428 comitiis
479 2377 675 2424 censoriis,
695 2377 768 2417 nisi
790 2379 870 2416 duo
886 2376 1127 2417 confecerint
1147 2378 1320 2426 legitima
1341 2377 1469 2415 suffra-
