1747 2620
799 86 843 123 T.
878 86 971 123 LIV
976 86 993 123 Ι

200 202 214 222 2
237 198 327 237 erat,
368 190 504 240 ingens
539 192 614 230 orsi
650 193 807 231 bellum.
869 208 917 232 eo
948 197 1043 233 alter
1075 197 1212 234 consul
1245 196 1437 234 Aemilius
1472 210 1561 234 cum

237 255 406 294 exercitu
420 258 471 295 ad
488 257 712 296 liberandos
730 258 938 298 obsidione
952 259 1080 298 socios
1094 260 1213 298 venit.
1261 261 1563 300 advenientibus

237 320 430 359 Romanis
451 322 597 360 Sutrini
623 331 868 362 commeatus
899 325 1069 375 benigne
1100 325 1138 362 in
1170 333 1294 365 castra
1313 334 1404 365 ante
1425 327 1562 366 urbem

197 401 214 432 3
235 386 363 436 posita
382 389 583 427 advexere.
644 389 799 428 Etrusci
820 389 925 428 diem
954 390 1124 440 primurn
1145 393 1419 439 consultando,
1442 400 1565 431 matu-

235 459 362 490 rarent
392 453 642 492 traherentne
672 454 831 501 bellum,
866 456 1132 493 traduxerunt.
1193 463 1352 505 postero
1383 456 1458 503 die,
1496 457 1564 495 ubi

234 516 420 555 celeriora
441 531 559 567 quam
584 518 726 557 tutiora
747 519 911 557 consilia
932 519 1055 570 magis
1077 522 1258 570 placuere
1280 520 1458 568 ducibus,
1484 523 1565 560 sole

235 589 321 619 orto
356 582 510 632 signum
551 597 705 634 pugnae
744 585 989 634 propositum
1022 593 1080 624 est
1114 586 1331 636 armatique
1365 587 1404 624 in
1439 587 1564 625 aciem

197 659 216 687 4
234 648 463 696 procedunt.
524 651 632 697 quod
658 657 867 699 postquam
897 651 1046 689 consuli
1079 651 1302 689 nuntiatum
1331 659 1399 699 est,
1423 660 1566 690 extem-

235 714 301 761 plo
322 720 508 750 tesseram
538 714 618 751 dari
646 714 764 762 iubet,
790 725 831 752 ut
860 717 1049 764 prandeat
1081 716 1191 754 miles
1213 716 1454 766 firmatisque
1475 717 1565 756 cibo

198 792 214 822 5
234 777 379 826 viribus
409 791 515 816 arma
546 778 683 829 capiat.
744 780 851 818 dicto
886 789 1052 830 paretur.
1111 784 1260 830 consul,
1298 782 1365 821 ubi
1395 790 1565 821 armatos

233 850 468 892 paratosque
489 844 599 892 vidit,
620 844 729 894 signa
758 853 863 884 extra
885 848 1029 884 vallum
1060 847 1219 896 proferri
1251 847 1360 885 iussit
1390 855 1427 885 et
1458 849 1564 887 haud

234 910 369 957 procul
392 909 504 946 hoste
526 908 704 948 instruxit
724 910 862 949 aciem.
922 911 1165 961 aliquamdiu
1197 911 1336 950 intenti
1366 912 1563 963 utrimque

233 980 423 1011 steterunt
454 982 736 1024 exspectantes,
770 983 811 1014 ut
841 977 891 1015 ab
924 977 1153 1015 adversariis
1184 979 1332 1015 clamor
1363 984 1400 1016 et
1433 991 1563 1028 pugna

193 1045 213 1077 6
233 1038 450 1088 inciperetg
479 1047 517 1077 et
546 1039 652 1089 prius
683 1042 740 1078 sol
772 1042 935 1081 meridie
967 1056 1008 1081 se
1044 1042 1256 1090 inclinavit,
1292 1056 1410 1092 quam
1441 1045 1561 1082 telum

232 1102 324 1140 hinc
344 1110 411 1141 aut
441 1103 547 1142 illinc
577 1104 764 1144 emissum
794 1113 862 1145 est.
923 1106 1027 1155 inde,
1061 1121 1109 1145 ne
1141 1107 1285 1146 infecta
1314 1121 1353 1146 re
1379 1107 1562 1156 abiretur‚

232 1170 379 1207 clamor
417 1169 467 1207 ab
509 1170 684 1209 Etruscis
724 1171 844 1209 oritur
883 1172 1180 1222 concinuntque
1218 1173 1338 1211 tubae
1377 1180 1414 1212 et
1454 1173 1562 1223 signa

196 1232 477 1281 Tinferuntur3
521 1248 593 1273 nec
629 1236 786 1285 segnius
818 1250 846 1288 a=
880 1237 1074 1275 Romanis
1113 1251 1243 1288 pugna
1283 1237 1411 1277 initur.
1473 1252 1563 1277 con-

231 1306 391 1336 currunt
421 1298 583 1338 infensis
614 1300 782 1347 animis3
822 1315 987 1340 numero
1017 1302 1152 1349 hostis,
1184 1302 1323 1341 virtute
1354 1305 1561 1342 Romanus

193 1370 211 1400 S
231 1371 398 1413 superat,
430 1377 576 1415 anceps
606 1365 799 1415 proelium
831 1368 976 1405 multos
1010 1366 1206 1418 utrimque
1236 1374 1274 1406 et
1306 1367 1559 1406 fortissimum

230 1442 430 1478 quemque
451 1430 635 1477 absumit,
659 1444 732 1469 nec
755 1430 859 1480 prius
881 1431 1068 1470 inclinata
1086 1446 1144 1470 res
1166 1440 1234 1479 est,
1250 1446 1368 1482 quam
1387 1435 1561 1472 secunda

229 1493 333 1532 acies
366 1496 549 1533 Romana
580 1497 631 1534 ad
665 1496 791 1545 prima
823 1496 932 1546 signa
964 1497 1101 1547 integri
1134 1499 1243 1536 fessis
1276 1507 1558 1538 successerunt.

191 1576 210 1607 9
232 1558 397 1606 Etrusci,
430 1559 521 1608 quia
552 1560 668 1598 nullis
698 1561 922 1599 recentibus
956 1562 1141 1600 subsidiis
1175 1564 1271 1601 fulta
1303 1563 1429 1613 prima
1457 1564 1561 1603 acies

229 1624 315 1671 fuit,
334 1631 426 1663 ante
448 1624 557 1674 signa
579 1624 760 1675 circaque
782 1639 920 1665 omnes
942 1628 1179 1666 ceciderunt.
1240 1629 1348 1666 nullo
1370 1643 1559 1679 umquam

228 1689 378 1738 proelio
408 1691 523 1739 fugae
554 1690 685 1729 minus
716 1704 789 1730 nec
819 1693 907 1741 plus
937 1694 1070 1731 caedis
1101 1692 1246 1741 fuisset,
1271 1693 1310 1731 ni
1340 1694 1559 1734 obstinatos

229 1754 328 1792 mori
349 1756 504 1793 Tuscos
535 1769 613 1793 nox
645 1755 818 1804 texisset,
840 1756 894 1795 ita
924 1764 965 1795 ut
987 1757 1153 1796 victores
1184 1757 1288 1807 prius
1319 1771 1438 1808 quam
1469 1760 1558 1799 victi

171 1834 210 1856 10
228 1820 430 1869 pugnandi
469 1821 589 1859 finem
635 1822 818 1859 facerent.
893 1829 982 1872 post
1030 1835 1215 1861 occasum
1264 1823 1355 1861 solis
1403 1824 1557 1874 signum

227 1885 401 1935 receptui
431 1886 568 1923 datum
600 1893 682 1934 est3
712 1894 829 1925 nocte
859 1887 909 1925 ab
944 1895 1111 1937 utroque
1144 1887 1182 1925 in
1216 1896 1341 1927 castra
1375 1890 1555 1929 reditum.

172 1962 205 1984 11
227 1963 300 1988 nec
331 1950 477 1989 deinde
513 1950 726 2001 quicquam
759 1965 807 1990 eo
841 1965 947 1990 anno
977 1952 1031 1990 rei
1062 1953 1251 1992 memoria
1280 1953 1422 2004 dignae
1451 1957 1558 2006 apud

227 2014 399 2053 Sutrium
421 2023 575 2066 gestum
598 2024 666 2063 est,
690 2016 783 2067 quia
804 2024 842 2056 et
864 2031 910 2055 ex
938 2017 1111 2056 hostium
1140 2018 1309 2057 exercitu
1331 2019 1456 2069 prima
1476 2027 1558 2059 tota

225 2080 328 2119 acies
350 2082 479 2119 deleta
501 2095 581 2120 uno
602 2082 752 2132 proelio
769 2084 894 2121 fuerat
912 2082 1298 2123 subsidiariismodo
1319 2084 1472 2133 relictis,
1495 2085 1557 2123 vix

170 2165 204 2186 12
226 2147 335 2195 quod
357 2146 449 2184 satis
471 2154 573 2185 esset
593 2149 643 2186 ad
664 2155 880 2186 castrorum
902 2148 1153 2198 praesidium,
1173 2157 1210 2187 et
1226 2151 1333 2200 apud
1351 2152 1556 2189 Romanos

226 2217 379 2249 tantum
401 2212 607 2250 vulnerum
628 2212 709 2259 fuit,
734 2220 776 2250 ut
796 2215 926 2263 plures
954 2221 1042 2263 post
1070 2214 1261 2264 proelium
1284 2215 1403 2253 saucii
1425 2217 1558 2254 deces-

151 2287 207 2328 33
227 2276 345 2314 serint
384 2290 502 2326 quam
542 2277 765 2315 ceciderant
804 2278 842 2315 in
881 2278 975 2317 acie.
1037 2281 1085 2327 Q.
1120 2280 1276 2326 Fabius,
1314 2280 1556 2330 insequentis

226 2341 320 2380 anni
350 2344 499 2389 consul,
533 2343 681 2380 bellum
711 2344 761 2381 ad
792 2343 964 2382 Sutrium
987 2344 1166 2394 excepitg
1191 2347 1341 2396 collega
1364 2346 1486 2384 Fabio
1508 2347 1551 2386 C.
