1747 2620
355 136 424 172 AB
456 134 604 170 VRBE
637 132 892 171 CONDITA
924 131 1026 167 LIB.
1061 130 1129 166 IX.
1163 141 1262 177 9—-11

160 256 206 281 ex
226 241 397 280 obnoxia
417 253 513 291 pace
534 240 636 278 illius
657 237 823 277 consilio
844 245 882 275 et
907 250 1049 287 opera;
1080 236 1208 286 ipsum
1239 248 1279 273 se
1309 232 1483 272 cruciati-

159 307 231 345 bus
252 313 290 344 et
310 305 483 343 hostium
505 304 583 342 irae
604 304 741 342 offerre
762 301 996 352 piaculaque
1017 315 1087 351 pro
1119 301 1269 351 populo
1299 300 1484 336 Romano

156 373 259 410 dare.
318 384 426 409 arma
454 368 585 408 cuncti
616 374 796 418 spectant
823 374 861 405 et
888 366 1063 404 bellum:
1094 379 1142 404 en
1168 377 1357 414 umquam
1385 363 1485 400 sutu—
1506 373 1522 403 5

157 450 254 483 rum,
276 443 318 475 ut
338 435 524 486 congredi
545 433 702 473 armatis
723 445 814 471 cum
835 431 1010 470 Samnite
1031 432 1176 470 liceat?

214 504 260 540 In
291 501 446 540 civitate
476 500 530 538 ira
559 499 733 549 odioque
761 499 923 536 ardente
953 496 1120 536 dilectus
1154 508 1276 546 prope
1305 493 1484 532 omnium
1504 497 1524 529 6

158 566 466 606 voluntariorum
482 565 564 603 fuit.
597 563 806 613 rescriptae
819 575 866 601 ex
878 562 1021 601 eodem
1036 560 1158 599 milite
1172 573 1297 598 novae
1310 558 1485 608 legiones

158 634 380 681 ductusque
401 632 452 669 ad
473 629 671 669 Caudium
694 627 896 667 exercitus.
941 625 1153 677 praegressi
1175 624 1324 663 fetiales
1346 622 1414 661 ubi
1434 624 1484 661 ad
1508 630 1523 663 7

159 704 310 747 portam
345 710 498 742 venere,
530 702 678 733 vestem
714 692 865 732 detrahi
901 691 1008 742 pacis
1043 689 1300 741 sponsoribus
1335 688 1483 734 iubent,

159 775 297 800 manus
314 769 402 812 post
419 769 568 811 tergum
583 758 731 797 vinciri.
771 771 861 796 cum
877 756 1075 807 apparitor
1095 753 1332 794 verecundia
1352 752 1488 791 maies-

158 827 247 865 tatis
265 826 457 865 Postumii
472 828 557 864 laxe
573 824 746 870 vinciret,
773 822 890 873 ‘quin
912 830 953 860 tu
968 823 975 839 '
991 821 1118 871 inquit
1139 819 1325 859 ‘adducis
1345 820 1485 864 lorum,

158 900 201 931 ut
231 892 332 931 iusta
356 893 422 930 fiat
449 890 599 931 deditio
613 892 650 928 ?'
680 898 764 928 tum
792 888 859 927 ubi
881 888 919 926 in
941 895 1099 926 coetum
1120 885 1356 925 Samnitium
1378 891 1416 923 et
1436 885 1487 922 ad
1506 892 1524 921 S

160 958 327 997 tribunal
355 965 515 996 ventum
545 955 674 994 Pontii
700 962 769 1002 est,
794 956 841 992 A.
865 953 1072 993 Cornelius
1097 951 1244 990 Arvina
1270 949 1410 989 fetialis
1436 948 1489 987 ita

159 1023 277 1061 verba
319 1022 432 1061 fecit:
483 1022 746 1071 ‘quandoque
788 1019 895 1057 hisce
935 1017 1116 1056 homines
1159 1016 1308 1054 iniussu
1352 1014 1487 1065 populi
1505 1023 1525 1054 9

161 1087 331 1125 Romani
355 1086 567 1135 Quiritium
595 1086 735 1124 foedus
763 1084 884 1122 ictum
912 1083 955 1121 iri
977 1083 1276 1133 spoponderunt
1295 1088 1414 1130 atque
1435 1079 1488 1118 ob

160 1166 245 1191 eam
286 1165 365 1190 rem
407 1165 549 1191 noxam
589 1156 818 1195 nocuerunt,
856 1149 908 1187 ob
948 1161 1034 1186 eam
1070 1160 1162 1193 rem,
1199 1159 1278 1196 quo
1318 1146 1488 1195 populus

162 1219 367 1256 Romanus
401 1218 546 1255 scelere
578 1215 700 1265 impio
731 1214 779 1252 sit
814 1216 979 1261 solutus,
1010 1214 1130 1252 hosce
1162 1210 1343 1249 homines
1376 1208 1488 1248 vobis

160 1284 290 1322 dedo?
348 1284 445 1321 haec
472 1281 618 1320 dicenti
651 1280 767 1319 fetiali
801 1278 1026 1318 Postumius
1054 1291 1156 1328 genu
1187 1278 1312 1315 femur
1342 1282 1489 1326 quanta
1512 1289 1549 1311 10

161 1347 330 1386 maxime
360 1355 510 1398 poterat
540 1346 576 1384 vi
607 1344 771 1395 perculit
801 1352 839 1383 et
869 1346 972 1382 clara
998 1357 1095 1381 voce
1121 1344 1175 1380 ait
1202 1356 1242 1380 se
1271 1340 1488 1380 Samnitem

163 1412 288 1451 civem
310 1426 405 1458 esse,
429 1412 538 1450 illum
567 1412 737 1461 legatum
766 1409 936 1448 fetialem
958 1422 980 1446 a
1001 1422 1041 1446 se
1069 1415 1206 1446 contra
1233 1406 1292 1444 ius
1312 1405 1488 1456 gentium

161 1478 374 1517 violatum:
413 1491 461 1517 eo
490 1476 628 1515 iustius
658 1476 805 1514 bellum
836 1481 1022 1525 gesturos.
1084 1480 1167 1511 tum
1198 1470 1363 1510 Pontius
1395 1473 1490 1509 ‘nec
1510 1477 1545 1503 11

161 1557 234 1594 ego
250 1543 363 1582 istam
380 1543 625 1582 deditionem
643 1540 834 1591 accipiam
849 1541 857 1556 ⁷
873 1539 1011 1590 inquit,
1033 1542 1128 1577 ‘nec
1149 1536 1345 1577 Samnites
1367 1543 1488 1575 ratam

162 1609 377 1648 habebunt.
436 1607 530 1658 quin
555 1615 608 1655 tu,
635 1608 699 1658 Sp.
730 1604 918 1652 Postumi,
951 1604 982 1642 si
1009 1605 1106 1642 deos
1136 1616 1221 1641 esse
1242 1615 1390 1648 censes,
1422 1608 1491 1639 aut
1512 1617 1527 1638 2

163 1673 296 1712 omnia
316 1673 419 1711 irrita
445 1673 540 1711 facis
567 1680 633 1711 aut
660 1680 776 1723 pacto
804 1672 911 1709 stas?
969 1668 1134 1708 Samniti
1160 1669 1308 1718 populo
1336 1680 1488 1713 omnes,

162 1753 262 1789 quos
283 1738 322 1777 in
343 1745 536 1790 potestate
557 1737 706 1785 habuit,
728 1744 795 1775 aut
815 1749 885 1786 pro
906 1735 952 1773 iis
973 1748 1047 1784 pax
1067 1734 1244 1772 debetur.
1304 1732 1374 1770 sed
1395 1731 1491 1782 quid
1510 1739 1528 1769 3

163 1817 236 1854 ego
265 1812 303 1842 te
332 1805 498 1854 appello,
522 1803 589 1853 qui
619 1810 658 1841 te
686 1809 847 1852 captum
874 1799 1011 1839 victori
1042 1812 1132 1837 cum
1163 1811 1242 1849 qua
1269 1804 1382 1848 potes
1413 1798 1492 1836 fide

163 1869 361 1908 restituis?
395 1870 586 1920 populum
615 1870 844 1907 Romanum
870 1867 1037 1916 appello,
1062 1877 1181 1914 quern
1208 1862 1240 1901 si
1267 1861 1491 1912 sponsionis

163 1936 214 1973 ad
235 1936 403 1973 furculas
424 1933 626 1974 Caudinas
647 1934 772 1971 factae
792 1930 976 1982 paenitet,
1000 1929 1177 1969 restituat
1197 1927 1371 1978 legiones
1392 1926 1492 1965 intra

164 2001 320 2047 saltum,
340 2013 420 2049 quo
441 2006 598 2048 saeptae
625 1999 791 2036 fuerunt.
851 2009 969 2034 nemo
999 2006 1239 2045 quemquam
1270 1991 1469 2042 deceperit
1484 2006 1494 2039 3
1511 2005 1529 2035 4

166 2064 299 2103 omnia
319 2077 390 2114 pro
411 2063 556 2102 infecto
577 2062 653 2100 sint
671 2076 678 2108 ;
707 2061 896 2111 recipiant
916 2073 1032 2107 arma,
1056 2072 1158 2109 quae
1178 2071 1247 2108 per
1267 2056 1491 2107 pactionem

166 2129 410 2168 tradiderunt
427 2143 436 2175 3
464 2128 627 2166 redeant
647 2126 687 2164 in
708 2133 833 2164 castra
853 2138 923 2163 sua
938 2139 947 2171 3
978 2123 1174 2174 quidquid
1202 2122 1326 2173 pridie
1348 2122 1494 2160 habue-

167 2201 266 2241 runt,
286 2207 404 2243 quarn
425 2192 465 2230 in
481 2191 737 2241 conloquium
754 2197 811 2229 est
828 2197 1000 2236 ventum,
1019 2188 1213 2227 habeant:
1240 2195 1323 2225 tum
1344 2186 1491 2225 bellum

168 2266 206 2298 et
235 2258 349 2297 fortia
378 2257 542 2296 consilia
569 2258 761 2307 placeant,
785 2263 866 2294 turn
898 2253 1059 2304 sponsio
1083 2261 1121 2292 et
1150 2266 1225 2303 pax
1254 2251 1491 2301 repudietur.

167 2338 214 2363 ea
234 2325 399 2370 fortuna,
422 2322 467 2360 iis
494 2321 601 2369 locis,
625 2334 725 2371 quae
744 2327 836 2358 ante
864 2319 970 2370 pacis
998 2317 1242 2356 mentionem
1269 2314 1490 2361 habuimus,
1515 2330 1532 2360 5

168 2401 347 2439 geramus
385 2387 544 2433 bellum,
581 2398 654 2425 nec
687 2386 856 2436 populus
892 2386 1097 2422 Romanus
1132 2382 1340 2421 consulum
1379 2393 1494 2430 spon-
